2928 4886
633 382 667 442 15

103 546 169 608 iure
199 544 324 603 iurando
356 545 480 602 affirmat
501 543 619 602 Ulixem
641 542 719 602 inter
739 543 826 602 huius
845 543 953 602 mensis
974 545 1063 603 finem
1087 545 1183 622 proxi·

105 651 209 728 mique
230 649 348 709 initium
370 651 540 708 adfuturum
562 648 654 708 domi.
707 651 778 708 Hoc
798 668 981 726 quamquam
1002 670 1064 710 non
1087 657 1186 727 polest

105 758 135 818 ei
159 758 345 834 persuadere,
370 767 468 815 tamen
485 757 638 832 Penelope
650 754 717 814 sinit
728 755 844 833 gratias,
872 776 949 833 quae
961 758 1084 816 ancillas
1095 758 1187 834 pedes

108 865 175 924 eius
197 866 293 922 lavare
314 863 403 923 iubet.
427 864 503 923 Cum
525 859 790 936 non'nisiuctulau
810 871 924 922 tantum
939 867 1187 941 malorumquan·

107 979 171 1029 tum
187 973 435 1047 ipscpcrpessae,
448 989 479 1028 se
495 969 684 1046 semetipsum
695 970 879 1029 committere
891 971 965 1030 veile
975 972 1084 1048 hospes
1099 971 1190 1048 dicat,

106 1079 261 1153 Penelope
277 1078 446 1152 Eurycliam
461 1078 591 1153 appellat
606 1087 768 1151 monetque
783 1085 813 1134 ct
824 1080 973 1153 aequalem
988 1081 1068 1138 lauet
1081 1079 1191 1136 damini

105 1190 163 1253 sui,
185 1185 335 1242 laboribus
354 1186 416 1242 suis
436 1185 480 1240 acl
497 1185 614 1242 eundem
636 1189 766 1259 fortasse
786 1184 903 1242 redacti
921 1195 1032 1244 statum
1054 1188 1190 1262 corporis

105 1298 196 1366 atque
216 1291 365 1365 hospitem.
407 1289 544 1367 Euryclia
565 1289 675 1366 hospiti
696 1290 870 1348 ancillarum
891 1291 1082 1367 petulantiam
1109 1311 1189 1350 aver-

105 1397 185 1455 santi
208 1397 335 1454 libenter
356 1415 386 1455 se
410 1394 579 1454 servituram
602 1395 685 1461 dicit,
709 1416 771 1454 cum
789 1399 974 1472 pracsertim
995 1400 1026 1455 in
1048 1417 1080 1455 eo
1100 1408 1188 1456 tanta

105 1525 173 1564 cum
201 1505 289 1563 Ulixe
310 1508 428 1577 formae
449 1505 489 1561 sit
509 1503 670 1560 similitudo
677 1521 690 1574 ;
712 1502 794 1579 quod
816 1503 960 1562 concedit
973 1503 1076 1564 Ulixes
1107 1506 1188 1562 Dum

105 1612 250 1670 balneum
283 1620 451 1686 apparatur,
483 1610 591 1684 hospes
623 1628 660 1684 ex
691 1610 759 1667 luce
780 1609 842 1668 ioci
862 1609 983 1678 recedit,
1005 1621 1133 1670 metuens
1155 1631 1190 1670 ne

106 1719 256 1792 Euryclia
288 1718 450 1774 cicatricem
481 1718 619 1794 uolneris,
653 1717 895 1793 quodquoniam
917 1719 1002 1793 apud
1017 1720 1188 1793 Autolycum

105 1845 196 1884 aucnn
229 1825 259 1880 in
292 1823 448 1881 Parnasso
479 1841 589 1882 venans
619 1831 780 1900 acceperat,
805 1836 957 1898 agnoscat.
999 1826 1069 1900 Qua
1090 1834 1189 1884 tamen

106 1929 319 1990 animadversa
350 1946 419 1987 cum
440 1929 579 2006 Euryclia
601 1929 758 1989 dominum
779 1931 921 1990 reducem
943 1933 1110 2008 Penelopae
1131 1931 1188 2009 sig·

106 2038 232 2098 nificare
266 2037 365 2112 vellet,
396 2055 458 2094 cum
491 2038 624 2095 (laminae
656 2048 777 2096 mentem
809 2039 846 2095 ab
867 2039 1057 2098 observandis
1076 2041 1191 2098 vetulae

101 2146 238 2220 gestibus
269 2163 303 2202 ac
326 2144 554 2219 perturbatione
586 2147 699 2202 avertit
727 2147 882 2219 Minerua,
914 2155 976 2203 turn
1004 2144 1066 2221 ipse
1089 2139 1191 2205 Ulixes

106 2249 282 2326 Eurycliam
319 2270 336 2308 a
367 2248 509 2308 faciendo
541 2249 625 2326 quod
655 2249 825 2309 intenderat
856 2251 885 2309 vi
917 2251 1076 2328 mortisque
1111 2263 1192 2311 metu

106 2357 225 2420 retinet.
272 2359 329 2416 Cui
349 2359 501 2433 pollicenti
521 2359 646 2415 ancillas
657 2358 797 2434 perfidas
814 2364 916 2433 postca
939 2359 1190 2418 uindicaturum

114 2467 222 2525 Ulixes
243 2465 277 2522 il
294 2477 366 2541 opus
387 2483 448 2522 esse
468 2474 566 2538 negat.
600 2463 696 2521 Finita
718 2463 867 2524 lavatione
890 2466 1042 2541 Penelope
1064 2467 1189 2524 redinte-

104 2581 203 2647 grato
231 2575 374 2648 colloquia
402 2570 475 2630 dicit
506 2591 537 2630 se
567 2571 703 2630 dubitare
727 2591 799 2630 num
823 2573 932 2632 diutius
953 2591 1066 2631 novum
1089 2570 1190 2630 matri·

107 2678 248 2739 monium
287 2678 406 2737 differre
442 2678 551 2754 possit,
591 2695 660 2737 curn
698 2678 869 2754 praesertim
904 2678 1099 2738 Telemachus
1131 2678 1189 2737 iam

108 2785 238 2852 adultus,
261 2796 292 2843 ut
313 2805 332 2844 a
349 2804 511 2861 procorurn
527 2784 640 2844 iniuriis
654 2786 803 2858 liberetur,
825 2785 943 2864 incitet3
965 2785 1076 2845 deinde
1091 2795 1190 2844 autem

108 2901 197 2969 rogat
226 2892 300 2967 quid
321 2891 429 2951 sentiat
450 2892 488 2951 de
510 2891 629 2952 somnio
652 2910 706 2952 suo
737 2895 767 2950 in
788 2913 844 2969 quo
866 2896 967 2969 aquila
989 2896 1101 2952 necatis
1128 2895 1193 2951 XX

108 3002 267 3059 anseribus
297 3001 391 3076 ipsius
420 3000 550 3057 bumana
582 3019 647 3058 uoce
675 3002 877 3075 pronuntiare
906 3003 971 3059 uisa
990 3002 1039 3075 sit,
1072 2999 1190 3060 Ulixem

108 3126 156 3182 se,
184 3125 293 3183 procos
324 3101 557 3174 interfecturum,
579 3085 702 3165 domum
725 3105 846 3166 redisse.
893 3108 984 3184 Quod
1010 3127 1073 3166 cum
1101 3110 1191 3166 aliter

108 3216 264 3289 explicare
295 3221 421 3289 nequeat
448 3214 567 3289 hospes,
602 3223 700 3271 tamen
733 3214 885 3289 Penelope
916 3232 953 3272 eo
984 3213 1102 3272 somnio
1136 3213 1191 3272 sibi

108 3339 285 3398 persuasum
317 3339 379 3378 esse
404 3331 493 3397 negat
524 3319 657 3396 dicitque
689 3339 720 3378 sc
741 3341 820 3393 cras,
848 3321 892 3378 aa'
909 3322 1124 3397 explorandum
1146 3324 1194 3380 cui

110 3429 213 3492 nubat,
246 3426 344 3503 procis
373 3435 523 3485 certamen
554 3444 641 3486 arcus
671 3425 814 3485 tendendi
835 3427 1070 3505 proposituram;
1101 3447 1191 3504 quam

110 3533 154 3593 ad
185 3552 246 3592 rem
280 3532 444 3592 faciendam
471 3531 603 3591 animum
626 3532 690 3592 eius
711 3535 867 3593 confirmat
889 3535 1013 3610 hospes,
1047 3537 1193 3593 affirmans

111 3639 265 3700 neminem
296 3660 331 3698 ex
361 3640 460 3717 procis
488 3642 563 3700 bunc
588 3660 689 3700 arcum
709 3641 892 3701 intenturum
914 3661 988 3702 esse.
1031 3644 1193 3720 Colloquio

111 3745 199 3806 finito
218 3746 285 3806 'abit
307 3749 457 3824 Penelope
480 3759 509 3806 et
527 3747 683 3807 Minervae
706 3768 796 3825 opera
817 3748 1022 3808 obdormiscit.
1064 3749 1193 3808 Noctem

110 3853 213 3934 agenti
236 3854 400 3932 inquietam
422 3854 504 3914 Ulixi
526 3865 555 3914 et
573 3854 612 3913 de
627 3855 720 3914 caede
740 3874 899 3932 procorum
915 3855 1043 3915 sollicito
1058 3855 1194 3915 Minerva

112 3981 145 4020 se
167 3960 265 4033 offert5
287 3978 376 4035 quam
398 3959 450 4018 ubi
471 3960 585 4038 rogavit
607 3981 664 4038 quo
678 3963 761 4021 modo
779 3967 882 4038 procis
901 3967 993 4022 caesis
1013 3967 1115 4023 salvus
1134 3983 1195 4023 csse

110 4071 217 4145 possit,
238 4068 428 4128 confirmatus
448 4088 466 4126 a
489 4068 545 4127 dea
566 4068 773 4130 obdormiscit.

156 4176 222 4233 Nec
253 4174 345 4251 magis
377 4176 526 4252 Penelope
558 4175 678 4252 placido
710 4175 814 4235 fruitur
842 4197 962 4257 somno,
983 4195 1073 4256 quam
1095 4161 1192 4253 primo
