2884 4880
569 406 607 482 89

89 590 165 646 Recte
182 607 235 647 vero
254 587 291 647 de
312 587 358 647 his
379 586 479 646 scribit
500 587 640 647 Ribbeck
662 606 691 662 p.
716 605 769 648 21:
793 583 863 658 „die
883 585 947 660 Art,
965 582 1020 642 wie
1036 581 1126 642 Niese

84 693 138 752 sich
157 694 195 753 die
212 694 351 757 Gedichte
373 695 549 754 entstanden
566 695 669 760 denlrt,
687 694 738 751 hat
753 702 841 751 etwas
856 711 889 750 so
905 689 1127 750 mechanisches

83 802 141 859 dass
171 801 309 880 cigentlich
345 801 398 860 das
430 800 609 877 Gegentheil
642 819 701 859 von
732 797 960 858 dichterischem
990 797 1127 857 Sclraffen

81 907 160 966 dabei
177 909 387 967 hernuskommt.
423 909 477 965 Als
498 908 560 980 das,
582 926 641 966 was
662 926 694 966 er
715 906 774 964 deu
795 906 918 964 altesten
940 906 1053 963 Stamm
1075 903 1128 962 der

78 1012 141 1072 llias
158 1015 206 1072 und
224 1014 351 1090 Odyssee
373 1025 475 1086 neunt,
491 1014 581 1073 bleibt
596 1013 646 1073 ein
661 1032 694 1072 so
710 1010 849 1088 winziger
863 1013 936 1070 Rest
949 1011 1042 1088 iibrig,
1059 1011 1128 1070 dass

76 1137 139 1175 man
157 1118 223 1177 nicht
240 1119 323 1178 recht
344 1119 478 1196 begreift,
501 1119 555 1180 wie
576 1119 624 1180 ein
649 1121 777 1178 Dichter
795 1117 858 1178 sich
873 1130 1012 1194 angeregt
1026 1118 1127 1176 finden

74 1227 182 1300 leonte,
209 1235 271 1283 statt
302 1223 351 1283 ein
382 1228 432 1284 fiir
454 1215 519 1285 sich¹
538 1227 733 1286 bestehendes
756 1225 848 1284 Werk
871 1244 905 1283 zu
929 1225 1070 1292 schaflen,
1091 1244 1125 1282 zu

71 1330 160 1388 einem
186 1331 272 1390 dieser
303 1332 413 1391 beiden
445 1331 561 1392 kleinen
596 1335 706 1394 Stucke
728 1344 816 1392 etwas
836 1333 925 1390 hinzu
949 1348 984 1390 zu
1006 1329 1127 1390 dichten
1231 1321 1236 1335 '

68 1436 127 1495 und
147 1435 191 1494 mit
208 1437 301 1498 seiner
322 1442 422 1500 Kunst
442 1441 471 1500 in
487 1441 585 1502 dieses
600 1461 676 1518 ganz
689 1441 752 1500 und
766 1460 819 1518 gar
833 1441 886 1500 auf
896 1458 932 1498 zu
946 1441 1044 1517 gehen
1058 1483 1064 1498 .
1078 1483 1084 1498 .
1098 1484 1104 1496 .
1120 1483 1127 1499 .

64 1545 126 1602 Aul
143 1542 189 1602 der
208 1544 288 1605 einen
309 1548 388 1609 Seite
413 1550 510 1608 haben
533 1548 580 1608 die
604 1550 724 1624 Urepen
744 1547 810 1607 eine
825 1566 900 1624 ganz
914 1546 1126 1624 unglaubliche

62 1648 201 1708 Antoritdt
222 1653 369 1730 besessen,
394 1656 463 1715 dass
486 1656 582 1714 nichts
609 1653 822 1732 selbstttndiges
843 1654 939 1713 neben
961 1653 1051 1713 ihnen
1065 1655 1128 1712 auf-

58 1761 194 1820 kommen
224 1763 354 1838 konnte3
386 1765 439 1821 auf
459 1762 511 1820 der
532 1762 661 1820 anderen
683 1762 846 1837 schrumpft
866 1759 999 1820 dieselbe
1019 1759 1050 1818 in
1073 1761 1125 1818 be-

55 1867 223 1927 denlrlicher
262 1851 359 1927 Weise
394 1888 563 1928 zusammen
598 1868 662 1927 und
698 1867 748 1926 wir
778 1870 868 1926 sehen
903 1867 1046 1926 vielmehr
1077 1867 1126 1925 ein

52 1977 231 2035 frevelhaltes
261 1975 415 2052 Beginnen
437 1975 519 2034 einer
538 1994 651 2054 ganzen
672 1975 794 2040 Nedon,
817 1973 864 2033 die
886 1973 934 2032 die
955 1971 1126 2033 Verunstal·

52 2093 123 2158 rung
156 2081 232 2140 eines
264 2081 422 2141 kostbaren
455 2083 595 2142 Schatzes
617 2103 652 2141 zu
675 2081 772 2142 einem
795 2079 985 2158 Privilegium
1008 2100 1041 2140 so
1063 2081 1127 2140 und

52 2207 80 2245 so
104 2187 191 2246 vieler
212 2190 362 2247 Poetaster
383 2187 512 2247 macht.'’

84 2295 147 2354 Sed
179 2305 277 2353 tamen
306 2313 397 2353 unum
420 2295 495 2353 illud
518 2297 623 2355 merito
646 2295 784 2354 laudatur
804 2294 885 2369 quod
907 2293 1018 2372 primus
1039 2291 1127 2352 Niese

52 2401 80 2460 le
115 2399 254 2478 singulari
285 2403 355 2462 loco
382 2401 457 2460 dixit
478 2421 568 2478 quem
590 2412 770 2461 nocturnum
792 2400 887 2460 Ulixis
909 2411 939 2460 et
960 2402 1127 2476 Penelopae

54 2507 225 2583 olloquiurn
257 2508 374 2568 obtinet
403 2510 455 2585 (τ).
499 2509 586 2582 Quae
608 2509 794 2585 peculiaritas
816 2508 861 2568 his
882 2507 970 2567 iebus
992 2507 1125 2566 efficitur.

53 2659 59 2671 .
85 2615 172 2690 quod
196 2616 382 2690 praeparatio
405 2615 484 2675 illius
505 2615 649 2692 colloquii
671 2615 715 2690 (in
737 2615 814 2675 libro
839 2616 870 2691 ρ)
893 2613 1061 2691 composita
1083 2624 1126 2673 est

53 2728 102 2780 ost
136 2721 329 2796 colloquium
361 2721 457 2798 ipsum
492 2743 519 2780 a.
551 2723 633 2796 quod
665 2724 695 2781 h.
723 2724 742 2781 l.
773 2721 921 2798 quaedam
943 2721 1123 2780 narrationes

53 2827 194 2888 ·imariae
217 2839 287 2888 sunt
309 2863 344 2872 -·
368 2841 400 2888 ut
423 2830 460 2888 de
482 2831 540 2888 tela
555 2830 722 2904 Penelopes
733 2863 773 2870 —
786 2845 861 2903 quae
873 2826 944 2886 alibi
955 2825 1122 2887 imitatione

55 2935 208 2993 troducta
237 2946 396 2995 occurrunt
418 2956 445 3011 3.
468 2936 552 3011 quod
573 2935 603 2994 in
626 2937 681 2994 hac
703 2934 871 2994 narratione
892 2933 963 2993 nihil
983 2935 1020 2993 de
1035 2933 1123 2995 Ulixe

54 3043 246 3118 msfigrrrato
279 3052 400 3117 apparet
436 3063 464 3115 4.
496 3044 579 3117 quod
611 3062 672 3102 non
705 3040 854 3118 conspirat
887 3041 963 3099 haec
994 3040 1123 3099 narratio

56 3170 91 3206 m
125 3148 165 3207 iis
190 3168 273 3224 quae
296 3149 328 3207 in
350 3149 458 3209 eodem
480 3150 555 3209 libro
579 3158 727 3208 secuntur.
774 3151 863 3206 Hunc
884 3145 1122 3208 observationem

54 3255 148 3332 rgius
173 3267 370 3330 persecutum
394 3275 457 3315 esse
480 3253 646 3316 videbimus

58 3362 279 3420 Uedalricum
295 3363 329 3420 de
348 3364 547 3422 Wilomowitz
564 3365 789 3439 Mocllcndorff,
806 3362 857 3439 qui
872 3363 903 3424 in
915 3363 993 3422 libro
1008 3364 1122 3436 „Hom

59 3467 331 3545 tersuchungen”
345 3471 450 3543 (1884)
473 3471 560 3527 VIII
573 3469 719 3545 capitibus
733 3487 854 3546 unoque
868 3488 995 3528 excursu
1009 3467 1124 3546 scripsit

64 3576 321 3652 compositione
342 3578 504 3653 Odysseae.

55 3683 162 3742 'rimo
178 3682 290 3759 capite
302 3681 467 3742 ostenditur
477 3682 585 3741 librum
600 3707 616 3737 α
629 3693 725 3743 totum
736 3703 797 3743 non
809 3693 918 3761 poetae
928 3685 980 3743 sed
987 3683 1122 3743 diasceu-

58 3811 80 3848 e
110 3790 331 3848 tribuendum
353 3809 435 3859 esse;
457 3790 494 3848 de
516 3809 577 3864 quo
601 3791 766 3851 rettulimus
789 3811 877 3867 supra
897 3795 959 3866 (pp.
979 3793 1122 3866 45-50).

59 3908 153 3972 aput
196 3897 373 3956 secundum
403 3907 446 3956 est
469 3897 508 3955 de
532 3898 620 3958 Ulixe
642 3909 686 3957 ter
707 3897 779 3965 icto,
801 3899 840 3956 ab
861 3896 1051 3974 Eurymacho
1073 3894 1123 3976 (σ),

56 4005 162 4081 ;ι’ρρο
202 4004 268 4085 (v),
299 4004 435 4063 Antinoo
456 4009 508 4079 (ρ).
551 4005 757 4064 Narrationem
781 4006 819 4064 de
840 4006 1029 4081 Eurymacho
1050 4004 1123 4063 anti·

56 4111 195 4170 simam
240 4111 326 4170 ducit
359 4111 495 4188 scriptor,
527 4122 642 4171 ceteras
674 4133 709 4172 ex
730 4111 897 4172 imitatione
919 4122 1012 4191 ortas3
1034 4129 1123 4186 quam

57 4219 208 4278 entiam
252 4221 381 4300 probare
413 4229 541 4282 conatur
572 4219 744 4284 examinato
776 4220 854 4280 libro
873 4239 897 4278 σ.
940 4218 976 4283 In
998 4237 1036 4278 eo
1057 4237 1124 4302 pars
