2928 4886
650 413 686 464 41

121 580 156 628 ut
187 587 255 630 curn
285 569 464 647 interpolato
499 574 568 632 loco
596 571 626 632 in
647 599 665 628 α
687 585 874 650 congrueret.
917 577 1044 637 Omnem
1066 578 1208 654 reliquam

120 686 236 754 partem
268 677 335 737 libri
363 701 381 730 α
402 677 474 737 inde
497 699 515 738 a
538 696 624 740 versu
646 698 703 758 3²5
729 681 920 755 (descensum
942 685 1120 760 Penelopae,
1142 705 1208 761 pro·

120 803 228 843 corum
248 792 278 844 et
301 785 474 844 Telemachi
495 786 731 862 altercationem)
753 788 882 864 spuriam
905 809 967 849 esse
989 789 1064 850 dicit
1075 813 1084 865 ;
1119 810 1209 869 quarn

120 889 298 950 sententiam
330 901 449 951 secutus
479 904 522 952 est
555 893 678 952 Meister
699 893 819 963 (Philol.
843 894 918 954 VIII
940 915 989 974 pg.
1015 916 1028 954 r
1053 896 1124 977 etc.)
1146 900 1210 957 Nec

119 1017 197 1057 vero
219 997 350 1059 ostendit
371 998 479 1074 quibus
499 999 587 1059 rebus
609 998 725 1075 spuriae
748 1009 845 1076 partes
867 1000 1016 1062 differrent
1038 1022 1055 1060 a
1075 1002 1210 1080 genuinis

122 1123 182 1165 nec
209 1105 317 1166 refellit
339 1106 517 1167 Kirchhoftii
540 1107 849 1186 argumentationem
870 1127 930 1186 qua
951 1109 1039 1168 facile
1060 1120 1211 1186 superatur

122 1210 217 1288 ipsius
237 1212 322 1286 ratio,
347 1232 424 1291 quae
445 1233 501 1274 nec
522 1214 647 1292 simplex
668 1226 712 1274 est
733 1234 788 1274 nec
810 1214 983 1291 probabilis.

164 1321 234 1379 Non
257 1320 351 1398 magis
370 1321 423 1382 illa
444 1323 570 1399 simplex
593 1321 654 1381 dici
674 1332 771 1400 potest
782 1341 871 1400 quam
883 1335 1001 1384 secutus
1011 1333 1056 1382 est
1066 1325 1105 1386 E.
1116 1325 1210 1382 Kam-

121 1447 186 1487 mer
205 1426 237 1486 iu
261 1429 338 1489 libro
359 1447 413 1490 suo
437 1429 507 1503 „die
528 1429 647 1490 Einheit
675 1430 729 1490 der
754 1427 909 1508 Odyssee’'
931 1433 1046 1506 (1873),
1064 1430 1115 1506 qui
1130 1441 1210 1506 post·

121 1535 180 1592 hac
211 1533 302 1593 fusius
327 1535 416 1594 nobis
438 1538 607 1596 tractandus
628 1546 681 1596 est.
705 1539 735 1596 Is
759 1536 848 1614 igitur
873 1535 988 1613 prolixa
1009 1535 1209 1612 disputatione

120 1639 184 1719 (pg.
207 1642 391 1720 ara-289),
420 1642 452 1701 in
474 1659 532 1718 qua
553 1646 619 1721 plus
640 1641 791 1718 aliquanto
815 1643 1008 1720 periodorum
1030 1661 1121 1720 quam
1144 1661 1208 1702 sen-

121 1745 280 1806 tentiarum
312 1747 410 1808 inesse
443 1749 589 1825 dolemus,
621 1748 730 1810 librum
753 1774 770 1804 α
794 1751 833 1809 ad
854 1760 983 1810 mentem
1005 1768 1093 1808 suam·
1111 1749 1209 1826 dispo·
1306 1820 1308 1824 Ι

120 1873 194 1914 nere
216 1864 245 1914 et
267 1854 487 1916 Kirchholfium
505 1857 681 1934 redarguere
702 1857 811 1930 studet,
825 1856 970 1916 nonnulla
985 1865 1073 1915 antea
1088 1867 1209 1931 questus

120 1961 162 2020 de
192 1960 279 2020 huius
309 1961 426 2022 inscitia
457 1962 488 2021 in
522 1963 606 2039 poesi
636 1962 821 2022 aestimanda
844 1975 873 2021 et
895 1961 1016 2021 miratus
1039 1963 1208 2022 socordiam

121 2068 323 2128 diasceuastae
363 2068 600 2147 Kirchhofliani,
640 2068 815 2129 sententiam
850 2079 960 2143 poetae
991 2068 1209 2146 pessumdantis

121 2175 196 2234 dum
230 2186 330 2235 tamen
363 2177 462 2236 bonos
485 2195 586 2235 versus
610 2187 721 2253 pangat
742 2174 803 2255 (pg.
829 2177 885 2249 267
912 2186 990 2250 cett,
1015 2181 1094 2252 271).
1137 2178 1209 2236 Hoc

120 2299 183 2358 quo
217 2292 330 2358 spectet
363 2303 425 2342 non
458 2255 615 2359 intellego:
648 2302 719 2342 nam
750 2283 805 2342 hos
838 2301 946 2340 omnes
970 2299 1069 2341 versus
1092 2302 1110 2342 a
1133 2282 1209 2342 dias-

121 2401 242 2449 ceuasta
264 2389 385 2449 aliunde
410 2390 518 2467 petitos
543 2409 606 2450 esse
628 2409 667 2450 ne
688 2389 752 2466 ipse
776 2389 898 2466 quidem
917 2390 1061 2447 Kammer
1078 2389 1208 2466 negabit.

121 2496 216 2572 Quod
249 2515 319 2556 vero
348 2496 455 2556 attinet
476 2497 516 2556 ad
537 2497 642 2574 poesin
664 2506 742 2556 recte
763 2495 991 2572 aestimandam,
1022 2493 1208 2571 pancis'eius

120 2603 419 2680 interpretationibus
451 2604 549 2664 relatis
581 2604 775 2664 ostendamus
809 2620 869 2680 quo
900 2611 988 2678 pacto
1011 2603 1090 2679 apud
1110 2606 1206 2663 Kam-

120 2731 237 2770 merum
270 2712 432 2771 concinant
460 2710 570 2770 iudicia
602 2711 708 2770 mentis
740 2729 808 2768 cum
837 2709 958 2786 poetico
982 2728 1043 2786 quo
1065 2710 1207 2787 gloriatur

120 2834 220 2877 sensu·
262 2821 308 2876 Ita
341 2847 362 2884 α
395 2822 432 2894 83
466 2826 494 2886 εί
530 2825 590 2904 μὲν
626 2822 664 2902 δὴ
700 2827 759 2887 νῦν
792 2827 886 2886 τοῦτο
912 2819 1008 2900 φίλον
1031 2826 1206 2904 μακάρεσσι

121 2936 292 2993 θεοῖσι...
343 2929 502 3013 Ἑρμείαν
534 2932 593 3010 μὲν
621 2929 769 2994 ἔπειτα
784 2974 813 2990 ..
831 2977 837 2990 .
865 2935 963 3008 νῆσον
989 2931 1020 3002 ἐς
1045 2925 1205 3012 Ὠγυγίην

119 3037 298 3119 ὀτρύνομεν
334 3033 418 3092 vertit
448 3037 508 3110 (pg.
545 3036 630 3108 231):
662 3033 722 3104 „So
754 3034 874 3092 konnen
907 3030 959 3088 wir
990 3031 1050 3089 den
1079 3034 1207 3090 Hermes

119 3140 253 3198 hernach
285 3138 469 3199 entsenden”
505 3137 600 3212 (quasi
624 3149 700 3196 esset
732 3141 847 3205 ἔπειτα
875 3157 929 3212 pro
969 3143 1024 3204 καὶ
1049 3139 1207 3223 ὕστερον.)

118 3261 303 3324 quamquam
319 3245 467 3322 sequitur:
484 3251 569 3330 rippa
587 3254 770 3333 τάχιστα
790 3252 911 3331 Νόμφῃ
927 3246 1119 3331 ἐυπλοκάμῳ
1132 3253 1207 3334 einp

120 3364 193 3414 cett·
219 3384 240 3421 α
262 3372 320 3430 273
343 3365 452 3438 μῦθον
472 3352 618 3437 πέφραδε
636 3358 725 3431 πᾶσι,
741 3358 813 3419 θεοί
829 3349 1073 3437 δ’ἐπιμάρτυροι
1088 3355 1207 3422 ἕστωντ

121 3460 192 3534 „die
224 3461 331 3520 Gdtter
362 3462 425 3519 rufe
457 3460 545 3520 dabei
578 3462 620 3518 als
652 3462 771 3536 Zeugen
803 3477 840 3515 an
869 3463 925 3533 ίαν
946 3459 992 3516 dic
1019 3459 1129 3528 Unbill,
1162 3461 1208 3518 die

121 3567 162 3626 du
176 3565 330 3627 erleidest''
347 3570 407 3644 (pg.
425 3589 440 3627 2
444 3570 494 3644 56)
509 3585 585 3643 quae
597 3564 747 3642 suppletio
759 3563 957 3641 potiusquam
969 3562 1067 3622 versio
1079 3563 1207 3626 dicenda

123 3686 179 3734 est.
194 3675 223 3732 N
225 3693 263 3734 on
278 3673 392 3734 felicius
406 3686 450 3734 est
464 3673 596 3734 eiusdem
612 3672 667 3730 viri
679 3671 761 3731 docti
773 3670 917 3730 iudicium
931 3670 968 3728 de
982 3671 1050 3729 loco
1062 3695 1080 3724 α
1093 3673 1150 3747 365
1164 3690 1207 3746 sq.

119 3791 301 3867 μνηστῆρες
328 3781 527 3868 δ’όμάδησαν
551 3781 615 3848 αἰνὰ
638 3781 766 3863 μέγαρα
791 3786 942 3848 σκιόεντα
957 3785 1022 3833 Ξδ
1040 3778 1106 3852 7⁶82
1121 3799 1137 3832 ⁰
1149 3798 1208 3855 399

119 3897 243 3967 πάντες
270 3891 467 3975 δήρήσαντο
491 3893 594 3973 παραὶ
618 3888 759 3974 λεχέεσσι
786 3888 945 3971 κλιθῆναι
962 3909 1001 3936 =
1023 3905 1038 3939 ⁰
1063 3906 1129 3962 213.

123 3993 166 4054 Hi
189 4013 287 4054 versus
306 3995 377 4055 alibi
396 3995 492 4073 aptius
510 4002 676 4072 ponuntur:
699 3992 855 4070 posteriori
871 3993 902 4052 in
916 3994 993 4054 libro
1013 3993 1207 4053 uanteeedit:

237 4113 303 4170 τῶν
334 4102 465 4171 &aurosi
483 4103 559 4172 λύτο
573 4099 721 4186 γοῦνατ’,
737 4103 797 4190 ἔρῳ
811 4101 904 4190 δ’ἄρὰ
914 4107 1021 4189 θυμὸν
1033 4102 1205 4188 ἔθελχθεν.

123 4206 156 4283 (i.
167 4215 375 4286 eprocorum)
