2928 4886
802 391 838 446 26

281 567 451 638 Minckwitz
475 579 503 648 r)
525 609 565 618 -
586 573 767 632 documento
789 577 833 626 est
856 565 1001 642 originem
1025 565 1205 624 Homericae
1233 585 1372 642 poeseos

283 685 467 763 primamque
487 679 674 738 traditionem
696 693 764 734 cum
786 675 928 732 facultate
943 669 1093 730 scribendi
1111 671 1185 730 nihil
1199 691 1372 732 commune

283 793 405 857 habere,
437 808 505 847 cunr
536 785 616 862 apud
647 785 719 841 alias
749 789 852 858 gentes
882 778 986 838 eadem
1007 777 1170 854 proprietas
1192 778 1372 838 necessario

284 901 419 977 gignatur
450 917 486 956 eo
518 895 593 970 ipso,
618 889 701 968 quod
726 888 796 948 artis
828 883 976 944 scribendi
997 883 1126 960 imperiti
1148 903 1211 944 non
1232 883 1288 943 nisi
1313 905 1372 944 ore

284 1007 439 1067 hominum
471 1001 579 1061 tradita
600 999 673 1057 alius
694 997 733 1055 ab
753 993 812 1053 alio
835 991 967 1051 carmina
989 990 1086 1050 discit.
1128 993 1234 1065 Itaque
1254 1009 1372 1068 quaes·

274 1115 327 1175 tio
352 1113 390 1172 de
412 1108 585 1185 antiquitate
606 1102 757 1164 scribendi
778 1117 846 1159 usus
867 1109 935 1176 post
956 1099 1002 1156 Fr.
1026 1101 1063 1156 A.
1091 1099 1230 1156 Wolfium
1254 1097 1374 1157 totiens

285 1222 434 1297 ventilata,
455 1219 494 1278 ad
509 1215 656 1294 originem
671 1209 826 1271 Homerici
840 1206 978 1268 carmini÷
994 1204 1201 1281 explicandam
1215 1203 1372 1281 pertinere

286 1349 348 1390 non
372 1327 498 1388 videtur.

328 1435 386 1496 Sed
408 1453 477 1493 cum
496 1433 570 1490 haec
589 1429 694 1488 iterata
715 1423 817 1500 epicae
839 1418 922 1497 poesi
941 1417 1060 1495 propria
1074 1427 1151 1491 sunt,
1173 1434 1265 1475 unum
1280 1436 1371 1493 repe-

287 1544 426 1603 titionum
447 1555 540 1616 genus
561 1535 591 1593 in
614 1536 750 1591 Homero
774 1529 839 1587 solo
864 1528 893 1600 2)
918 1523 1040 1584 obvium
1059 1533 1110 1582 est.
1127 1524 1222 1599 Saepe
1238 1521 1319 1582 enim
1336 1525 1374 1582 fit

288 1661 320 1709 ut
351 1660 401 1707 aut
432 1643 540 1721 singuli
571 1659 672 1699 versus
704 1647 753 1696 aut
775 1634 862 1694 simul
885 1634 982 1708 plures
1004 1630 1063 1690 alio
1084 1631 1157 1689 loco
1178 1631 1255 1689 bene
1278 1629 1374 1705 positi

287 1764 438 1817 recurrant
469 1750 528 1810 alio
558 1751 627 1808 loco
659 1744 709 1804 ubi
730 1739 918 1802 sententiam
953 1737 1050 1797 minus
1081 1748 1181 1812 aptam
1214 1737 1373 1796 contextui

288 1863 434 1932 efficiunt;
468 1857 616 1917 interdum
649 1862 748 1911 autem
779 1866 897 1924 prorsus
924 1845 1016 1904 iidem
1039 1843 1187 1910 iterantur,
1219 1843 1373 1902 interdum

287 1968 389 2028 leviter
410 1964 566 2026 immutati.
589 1964 679 2021 Velut
701 1985 718 2015 α
741 1960 799 2035 35⁶
815 1963 882 2014 cett.
903 1975 943 2008 =
966 1978 983 2018 φ
1001 1968 1059 2028 350
1076 1953 1148 2009 cett.¹
1169 1951 1373 2010 Telemachus

289 2087 413 2136 matrem
435 2072 588 2132 dimittens
608 2069 655 2127 his
676 2065 772 2125 verbis
793 2060 896 2121 utitur:

430 2176 502 2248 ἀλλ’
533 2182 563 2258 ἐς
587 2175 676 2245 οἷκον
708 2181 799 2240 ἰοῦσα
820 2169 865 2236 τέ’
891 2167 990 2250 αὐτῆς
1008 2168 1086 2250 ἔργα
1111 2168 1230 2250 κόμιζε.

325 2436 351 2502 1)
370 2435 445 2484 Hom.
464 2429 606 2481 Vorschule
628 2443 671 2492 pg.
693 2437 740 2490 150
758 2430 816 2472 cett.

322 2532 347 2594 2)
366 2527 453 2578 Simile
473 2525 575 2592 quidem
593 2520 690 2586 aliquid
706 2516 834 2567 invenitur
853 2515 879 2562 in
898 2513 1042 2560 Fennorum
1059 2510 1187 2558 Kalevala
1199 2510 1293 2558 nostris
1306 2517 1373 2558 tern-

290 2612 395 2677 poribus
422 2625 436 2656 a
460 2607 516 2656 viro
545 2605 622 2652 docto
648 2602 764 2649 Loenrot
794 2591 990 2659 religiosissime
1020 2606 1051 2638 ex
1072 2589 1189 2654 pluribus
1208 2605 1268 2637 suae
1285 2590 1376 2653 gentis

289 2691 443 2742 carminibus
474 2686 555 2751 epicis
582 2683 746 2748 magicisque,
772 2684 892 2743 quantum
917 2671 971 2720 fieri
996 2671 1078 2734 potuit
1104 2670 1131 2718 in
1149 2686 1227 2719 unum
1245 2670 1376 2734 collectis,

290 2771 442 2836 composito.
477 2769 517 2816 De
544 2781 593 2831 qua
620 2780 646 2812 re
678 2761 713 2810 sic
740 2759 794 2824 agit
819 2757 849 2805 D.
877 2751 1035 2816 Comparetti
1054 2751 1126 2815 („der
1145 2749 1288 2798 Kalevala”
1308 2766 1377 2802 vers.

289 2869 367 2918 germ.
395 2868 437 2915 pg.
457 2848 490 2909 64
508 2846 585 2895 Halle
606 2842 695 2906 1892):
717 2840 758 2900 „in
778 2836 920 2886 denselben
937 2831 1029 2880 Runen
1049 2830 1093 2893 [ist
1113 2829 1151 2896 es]
1168 2829 1375 2888 Wainlimhinem

291 2935 336 2983 der
372 2932 438 2980 nach
463 2925 634 2990 Erschaffung
660 2925 705 2972 der
730 2920 800 2969 Welt
825 2915 869 2966 aul
896 2913 947 2962 den
973 2913 1078 2960 Meeren
1103 2910 1279 2958 herumirreud
1305 2911 1376 2958 nach

290 3014 398 3077 Pohjola
415 3013 527 3077 gelangt,
546 3009 590 3058 aui
602 3007 674 3072 jener
691 3003 776 3064 Reise,
793 2999 835 3048 die
853 2996 898 3044 ihn
916 2993 982 3042 nach
1001 2993 1045 3041 der
1058 2990 1375 3055 lremdenungastliehen,

292 3096 341 3144 den
359 3093 461 3142 Helden
479 3087 735 3154 verhiingnissvollen
753 3079 861 3145 Gegend
878 3077 944 3125 lilhrt

371 3173 451 3234 „nach
467 3173 552 3236 jenem
570 3169 643 3218 Laud
661 3167 728 3216 ohne
748 3162 864 3224 Priester,
878 3159 964 3222 jenem
984 3155 1153 3218 unigetaufen
1168 3153 1287 3204 Lande''!

317 3256 409 3304 Dieser
419 3254 474 3303 hier
483 3268 512 3301 so
522 3252 587 3317 grell
597 3241 831 3298 anachronistische
839 3237 972 3288 Ausdruck
982 3236 1014 3285 ist
1023 3237 1093 3284 einer
1102 3237 1158 3284 dem
1167 3234 1376 3285 westfinnischen

290 3337 364 3385 Land
382 3341 559 3384 entstammten
578 3332 652 3379 Rune
671 3343 715 3376 aus
732 3319 898 3372 historischer
914 3318 967 3366 und
984 3316 1157 3365 katholischer
1174 3315 1229 3365 Zeit
1255 3325 1376 3366 entuom·

291 3433 358 3484 men,
375 3417 428 3466 und
445 3431 511 3465 zwar
529 3415 574 3462 der
592 3409 816 3462 wohlbekaunten‚
835 3399 933 3451 welche
952 3399 1003 3446 den
1020 3398 1078 3446 Tod
1095 3398 1142 3446 des
1158 3396 1275 3446 Bischofs
1292 3397 1376 3446 Hein-

291 3499 352 3556 rich,
371 3499 416 3546 des
435 3496 557 3560 Apostels
575 3494 620 3541 der
638 3491 744 3545 Finnen‚
764 3482 866 3538 erzahlt,
885 3479 938 3528 und
949 3479 975 3526 in
987 3480 1032 3527 der
1040 3478 1098 3542 jene
1109 3479 1187 3526 Verse
1198 3476 1377 3526 volllrommen

293 3595 333 3626 arn
360 3577 428 3625 Platz
455 3575 528 3640 sind3
547 3574 603 3621 dort
630 3569 744 3620 ermahnt
769 3566 814 3613 der
832 3561 929 3625 heilige
947 3559 1056 3608 Bischoi
1073 3560 1123 3607 den
1141 3559 1378 3625 Schwedenktinig,

292 3659 333 3708 die
352 3657 506 3720 Bekehrung
527 3689 538 3714 „
553 3655 638 3719 „jenes
649 3649 751 3700 Landes
763 3645 830 3695 ohne
840 3642 957 3706 Priester,
970 3641 1043 3705 jenes
1053 3640 1217 3705 ungetauiten
1228 3639 1352 3688 Landes¹’
1362 3643 1378 3674 ›‘

294 3755 322 3788 zu
341 3739 549 3788 unternehmen.'’

326 3820 397 3867 Talis
426 3827 510 3867 tamen
540 3816 632 3865 vitiosa
659 3809 776 3876 repetitio
802 3805 864 3854 mihi
890 3805 918 3852 in
947 3803 1057 3868 legenda
1084 3800 1229 3866 germanica
1256 3801 1379 3850 versione

293 3900 434 3948 Kalevalae
453 3915 529 3965 quarn
547 3897 606 3946 lecit
623 3892 754 3944 Schiefner
771 3903 819 3938 nec
838 3887 941 3951 saepius
954 3884 1070 3942 occurrit,
1087 3899 1134 3932 nec
1147 3883 1260 3930 eiusdem
1272 3884 1380 3945 generis

291 3981 382 4029 iterata
409 3980 527 4028 videntur
553 3985 628 4043 atque
654 3975 680 4022 in
700 3969 846 4022 Homericis
865 3967 1033 4031 carminibus,
1053 3981 1100 4014 nec
1120 3964 1225 4013 omnino
1242 3962 1304 4010 satis
1322 3971 1379 4012 tuto

294 4061 435 4125 comparari
465 4066 572 4124 possunt
600 4055 738 4106 Homerica
763 4060 788 4101 et
813 4049 939 4113 Fennica3
967 4048 1036 4113 quod
1063 4046 1150 4095 docuit
1175 4043 1333 4107 Comparetti
1354 4055 1379 4092 et

294 4141 377 4207 quivis
404 4140 528 4189 concedet
552 4138 694 4186 examinata
719 4132 859 4182 Kalevalae
877 4129 972 4196 lorma3
990 4129 1059 4195 qnod
1078 4127 1165 4176 nescio
1184 4141 1217 4174 an
1236 4124 1319 4172 lacere
1332 4140 1379 4175 ne-

296 4221 403 4288 glexerit
417 4220 491 4287 Jebb,
511 4220 538 4268 in
555 4219 639 4270 libro:
662 4213 799 4275 „Homen”
