2928 4886
649 419 666 474 9

101 575 188 652 quod
205 585 276 634 ante
296 577 393 632 omnin
414 577 519 633 uxoris
537 576 625 650 sidem
640 578 802 651 explorare
819 578 850 633 in
864 579 962 634 animo
974 577 1100 648 lrabeat;
1115 575 1188 636 dicit

101 678 273 739 reverentia
303 679 434 755 Neptuni
466 681 622 755 hucusque
654 699 684 739 se
709 679 883 757 impeditam
905 681 1064 757 quominus
1086 702 1186 742 coram

101 807 136 846 se
177 787 204 845 ei
235 786 411 846 ostenderet.
456 789 534 844 Tum
567 799 681 847 remota
696 789 822 849 nebula
853 789 973 847 Ithacae
1004 789 1091 848 situm
1125 789 1187 849 viro

102 893 242 971 explicat.
287 894 384 954 Donis
406 896 574 954 Phaeacum
596 895 627 954 in
649 906 734 956 antro
757 895 904 972 repositis,
926 897 1016 956 ambo
1031 896 1188 956 considunt

102 1011 137 1060 ut
158 1000 313 1061 communi
334 1000 463 1061 consilio
484 1000 583 1078 procis
605 1012 717 1062 struant
736 1001 907 1079 perniciem.
932 1005 998 1063 Hos
1019 1023 1072 1079 per
1093 1022 1187 1064 annos

102 1111 153 1167 III
176 1107 259 1168 domi
281 1127 350 1167 suae
365 1111 545 1186 Penelopam
561 1110 647 1171 donis
662 1120 847 1187 temptantes,
862 1113 947 1170 vanis
961 1113 998 1169 ab
1013 1114 1067 1169 illa
1078 1111 1188 1170 illectos

97 1218 269 1292 promissis,
292 1213 372 1275 Ulixi
386 1215 609 1276 interficiendos
624 1236 687 1276 esse
702 1216 773 1274 dicit
785 1216 923 1276 Minerva
931 1237 939 1290 ;
954 1216 1001 1276 cui
1017 1216 1065 1276 hic
1079 1216 1187 1294 gratias

102 1322 166 1399 agit
187 1324 268 1399 quod
284 1326 345 1382 cius
366 1327 477 1382 monitu
498 1326 729 1399 Agamemnonis
749 1330 846 1400 fatum
868 1325 1028 1398 effugerim
1050 1333 1135 1400 rogat
1156 1334 1188 1381 ut

102 1429 232 1490 consilio
254 1429 424 1507 auxilioque
447 1450 510 1490 sese
532 1430 654 1490 adiuvet
708 1432 793 1506 Quae
815 1430 949 1507 pollicita
970 1430 1026 1488 dea
1049 1429 1139 1489 docet
1157 1449 1187 1490 se

103 1553 175 1596 eum
205 1535 236 1594 in
257 1555 359 1596 senem
384 1536 557 1596 mendicum
581 1539 851 1614 transfiguraturam
873 1555 949 1614 esse,
971 1556 1033 1614 quo
1054 1537 1135 1596 iacto
1157 1547 1188 1594 ut

102 1642 247 1702 omnibus
277 1643 396 1720 ignotus
427 1643 554 1720 primum
583 1644 663 1720 apud
686 1644 842 1703 subulcum
864 1646 1027 1702 Eumaeum
1048 1653 1187 1716 moretur,

102 1750 259 1826 admonet,
280 1750 351 1809 dum
374 1750 437 1827 ipsa
457 1753 564 1828 Sparta
587 1751 679 1810 filium
702 1750 831 1810 arcessit.
867 1750 1007 1810 Tandem
1028 1761 1187 1826 postquam

101 1857 145 1916 de
170 1856 302 1933 periculo
323 1857 376 1917 filii
400 1857 561 1918 sollicitum
584 1857 781 1932 confirmavit,
803 1856 924 1918 Ulixem
951 1858 1187 1934 transfiguratum

100 1963 256 2040 relinquit.
289 1999 322 2008 -
359 1965 459 2026 Ulixes
490 1965 529 2024 ab
563 1967 696 2024 Eumaeo
728 1963 857 2043 benigne
889 1975 1029 2041 exceptus
1058 1963 1188 2040 hospitio

101 2073 142 2132 de
177 2092 336 2149 procorum
368 2071 551 2132 facinoribus
583 2073 722 2146 docetur3
747 2073 800 2131 sed
822 2071 958 2148 quamvis
979 2070 1040 2131 iur'e
1061 2071 1187 2131 iurando

102 2181 232 2239 affirmat
262 2200 293 2239 se
327 2179 401 2239 scire
435 2179 569 2256 proxime
594 2178 757 2238 rediturum
779 2198 842 2238 esse
867 2177 996 2251 Ulixem,
1027 2179 1140 2237 nullam
1162 2177 1189 2236 ei

103 2287 197 2346 fidem
209 2287 299 2346 habet
309 2287 463 2363 subulcus3
476 2285 524 2343 cui
534 2284 649 2362 roganti
659 2304 729 2344 suos
740 2283 793 2344 sibi
805 2283 919 2360 aperire
930 2301 1015 2342 casus
1026 2283 1187 2359 respondet

101 2413 135 2452 se
153 2393 285 2453 Castoris
299 2393 392 2452 filium
409 2394 581 2453 Cretensem
596 2412 670 2467 esse,
685 2411 812 2466 magnae
826 2394 856 2450 in
871 2393 943 2450 bello
951 2393 1071 2465 gloriae
1083 2389 1186 2459 virum,

100 2517 194 2576 quem
216 2508 373 2577 postquam
394 2499 432 2557 ad
453 2499 576 2559 Troiam
599 2499 776 2578 pugnaverit
798 2498 880 2558 etin
903 2501 1043 2576 Aegypto
1059 2497 1186 2557 Phoeni-

102 2607 212 2683 ciaque
233 2605 328 2677 fuerit,
351 2604 421 2665 inde
443 2615 510 2682 post
531 2608 623 2666 multa
645 2606 778 2683 pericula
798 2605 829 2664 in
839 2605 1055 2681 Thesprotiam
1069 2604 1187 2665 venisse

102 2713 156 2772 ubi
179 2713 217 2772 de
238 2713 335 2772 reditu
357 2711 453 2774 Ulixis
474 2712 628 2771 audiverit.
672 2712 828 2772 Miseratur
848 2714 1002 2772 hominem
1028 2715 1185 2787 Eumaeus,

102 2819 159 2878 sed
194 2838 271 2895 quae
302 2821 340 2879 de
372 2817 467 2879 Ulixis
488 2819 583 2878 reditu
605 2831 750 2878 asseveret
771 2839 833 2880 nou
856 2819 959 2879 credit.
1001 2822 1074 2880 Mox
1095 2819 1186 2880 servis

102 2925 191 2984 huius
225 2926 392 3003 pastoribus
429 2929 468 2986 ab
504 2945 594 3002 opere
629 2925 767 3003 regressis
802 2946 878 2986 cena
913 2926 1037 2986 sumitur
1069 2927 1185 3002 iturque

103 3030 253 3106 cubitum,
275 3044 433 3110 postquam
455 3034 604 3093 narranda
625 3034 726 3092 fabula
747 3033 846 3111 lepide
865 3035 934 3094 ficta
946 3039 1053 3110 hospes
1068 3034 1187 3112 (frigida

103 3139 183 3198 enim
206 3159 268 3198 nox
282 3141 358 3215 erat)
374 3139 503 3199 calidam
519 3141 636 3200 laenam
651 3151 832 3200 consecutus
846 3152 898 3200 est.
914 3143 1027 3200 Interea
1041 3141 1185 3218 Minerva,

104 3250 240 3324 Spartam
262 3250 406 3324 profecta,
429 3258 521 3308 noctu
543 3249 759 3308 Telemachum
774 3248 943 3309 insomnem
959 3247 1039 3307 iuxta
1053 3247 1186 3308 Pisistra-

104 3365 168 3414 tum
201 3354 284 3414 domi
316 3356 446 3415 Menelai
479 3357 644 3416 cubantum
675 3356 808 3416 hortatur
839 3367 871 3415 ut
894 3375 981 3415 mane
1007 3355 1036 3413 in
1058 3356 1184 3431 patriam

106 3479 238 3522 reversus
265 3464 352 3522 rebus
382 3462 442 3521 suis
463 3461 626 3539 prospiciat
646 3463 789 3523 adversus
809 3466 953 3522 instantes
973 3465 1133 3540 Penelopes
1157 3474 1185 3522 et

106 3571 294 3644 Eurymachr'
322 3574 459 3646 nnplias;
492 3588 711 3647 procorumque
743 3569 840 3630 vitans
870 3569 993 3630 insidias
1022 3575 1184 3647 proculab

105 3678 211 3734 insulis
229 3679 408 3752 navigando,
443 3679 576 3737 Ithacam
599 3678 691 3737 redux
713 3679 881 3737 devertatur
893 3687 955 3755 per
975 3685 1082 3737 noctem
1105 3678 1184 3755 apud

106 3783 273 3857 subulcum,
295 3803 347 3860 per
368 3802 456 3860 quem
479 3787 661 3862 Penelopem
678 3785 715 3845 de
730 3785 827 3846 reditu
842 3805 896 3845 suo
911 3785 1001 3846 faciat
1016 3785 1184 3845 certiorem.

106 3887 241 3948 Minerva
262 3889 313 3948 ubi
336 3890 419 3963 abiit,
448 3892 647 3951 Telemachus
668 3891 850 3951 Pisistratum
868 3894 942 3970 pede
953 3896 1123 3970 perculsum
1148 3913 1185 3951 ex

108 4013 212 4053 somno
235 3995 351 4056 excitat.
377 3997 512 4074 Hospitis
533 4009 632 4058 autern
654 3998 811 4059 consilium
832 4000 989 4059 Menelaus
1007 4000 1106 4059 multis
1120 4019 1184 4059 sen-

107 4100 203 4160 tentiis
216 4103 338 4178 prolatis
350 4106 482 4181 probans
494 4105 566 4164 dum
580 4106 740 4182 prandium
751 4116 919 4183 apparatur,
929 4109 1006 4165 dona
1016 4117 1105 4166 antea
1109 4120 1183 4184 pro·

110 4209 213 4266 missso
230 4211 336 4269 itcrrnn
349 4211 489 4286 offerens,
507 4212 691 4271 Telemacho
703 4211 796 4272 donat
807 4215 961 4291 poculum,
971 4215 1185 4289 Magapentlres
