2804 5518
773 312 811 386 96

248 497 323 545 rent.
376 486 474 544 Huius
509 486 551 544 rei
591 487 746 562 vestigium
786 486 899 544 invenit
943 485 1138 545 Wilamowitz
1177 487 1204 545 in
1240 485 1292 543 loco

248 613 266 660 χ
296 613 354 668 490
379 610 420 667 sq.
444 592 495 650 ubi
517 592 626 662 Ulixes,
650 606 768 670 rogatus
791 595 829 651 ab
851 594 996 669 Euryclea
1017 603 1049 650 ut
1071 594 1181 652 balneis
1200 613 1226 650 se
1243 609 1295 666 pur·

248 710 306 775 get,
338 700 463 775 abrupte
495 701 672 775 respondete
705 711 768 784 πῡρ
797 711 856 767 νῦν
879 728 934 782 μοι
959 707 1143 782 πρώτιστον
1168 705 1296 780 §alpayd-

247 832 329 893 ροισι
347 809 502 888 yeva'odw.
529 809 617 864 Hunc
629 826 744 865 versum
758 805 888 882 reposuit
899 806 996 864 iudice
1009 807 1225 866 Wilamowitzio
1236 804 1295 862 dias·

249 926 369 972 ceuasta
396 934 449 989 pro
479 926 596 972 narrato
624 913 766 990 primitus,
789 925 820 972 ut
842 924 933 989 putat,
956 915 1063 973 balneo
1084 913 1116 972 in
1138 932 1195 989 quo
1215 909 1298 970 Ulixes

248 1031 315 1096 post
336 1021 458 1080 caedem
482 1041 639 1096 procorum
662 1023 700 1079 ab
723 1023 871 1096 Euryclea
892 1040 942 1096 per
965 1019 1133 1078 cicatricem
1150 1034 1298 1096 agnoscere·

249 1138 310 1198 tur;
332 1127 413 1201 quod
437 1146 504 1184 cum
526 1125 691 1185 narratione
713 1125 781 1184 libri
799 1153 815 1183 τ
833 1125 985 1185 conciliari
1007 1145 1068 1186 non
1091 1146 1176 1202 posse
1191 1123 1300 1182 videbat.

250 1233 320 1306 Quo
352 1234 463 1292 sactum
496 1244 539 1292 est
567 1246 599 1291 ut
620 1233 800 1291 lavationem
821 1231 914 1308 ipsam
938 1234 1104 1308 importune
1125 1231 1301 1290 introduceret

249 1351 354 1415 postu
376 1358 448 1416 1515
470 1341 547 1397 hanc
569 1339 650 1397 enim
672 1339 715 1397 ibi
736 1338 813 1396 male
833 1337 961 1414 positam
974 1356 1037 1395 esse
1049 1335 1230 1395 Kirchhoffio
1243 1351 1302 1390 con-

249 1444 329 1505 cedit
361 1444 563 1516 Wilamowitz‚
596 1463 657 1503 non
682 1455 782 1502 tamen
808 1445 888 1501 hunc
911 1444 1010 1500 locum
1032 1462 1093 1500 una
1114 1460 1180 1500 cum
1200 1455 1303 1516 praece·

248 1550 330 1610 denti
363 1549 529 1609 narratione
562 1551 595 1625 (ψ
626 1553 797 1625 117-151)
828 1547 1077 1608 considerandum
1099 1568 1163 1608 esse
1183 1559 1304 1620 tanquam

248 1656 314 1715 libri
333 1683 352 1712 ω
370 1655 636 1733 praeparationem.
678 1655 777 1713 Aliam
798 1665 896 1713 autem
917 1655 1116 1714 narrationem
1138 1675 1198 1715 esse
1219 1653 1247 1712 in
1260 1653 1305 1708 hac

247 1763 350 1822 ultima
378 1775 459 1839 parte
488 1762 650 1839 Odysseae,
673 1781 729 1820 nec
752 1772 966 1840 congruentem
988 1782 1057 1820 cum
1079 1759 1307 1839 praecedentibus

248 1869 429 1927 carminibus
449 1893 464 1922 v
502 1895 517 1924 τ
542 1870 630 1927 etiam
653 1869 724 1929 inde
748 1881 832 1944 putat
853 1887 1004 1944 apparere,
1025 1869 1109 1943 quod
1124 1868 1206 1928 initio
1220 1863 1307 1926 librit

247 1976 290 2034 sic
322 1975 452 2050 loquitur
484 1978 631 2051 Euryclea
661 1977 699 2034 ad
725 1978 904 2052 Penelopem
926 1986 958 2032 ut
979 1976 1086 2035 ambae
1108 1987 1252 2035 certamen
1272 1971 1307 2029 in·
1381 2051 1382 2066 ἵ

247 2081 380 2140 stitutum
410 2080 524 2140 nescire
558 2081 721 2152 videantur,
753 2101 808 2140 nec
839 2101 978 2156 umquam
1004 2084 1152 2160 Penelope
1177 2078 1309 2156 hospitem

248 2208 348 2248 coram
374 2187 496 2265 viderit3
519 2208 588 2246 nam
611 2207 728 2246 versum
747 2210 768 2253 ψ
787 2190 824 2246 28
848 2190 880 2273 (ό
902 2194 1018 2268 ξεῖνος,
1043 2195 1099 2257 τὸν
1121 2199 1238 2263 πάντες
1254 2186 1311 2251 sirl-

247 2322 355 2382 paoav
387 2301 422 2360 ἐν
452 2293 655 2382 μεγάροισιν)
682 2308 787 2372 postea
818 2299 947 2355 affictum
979 2307 1080 2356 censet
1112 2293 1312 2364 Wilamowitz;

249 2415 278 2463 et
288 2422 365 2477 quae
376 2422 442 2461 sero
453 2405 599 2479 Euryclea
610 2404 647 2462 de
659 2401 798 2462 cicatrice
810 2403 900 2478 dicat,
912 2423 949 2462 ea
960 2423 996 2462 ex
1007 2402 1176 2479 antiquiore
1188 2398 1312 2478 expositi·

249 2530 306 2570 one
326 2512 426 2569 reficta
447 2529 510 2569 esse
532 2523 563 2569 ut
583 2510 768 2585 aliquatenus
790 2521 938 2569 constaret
959 2510 1016 2569 sibi
1038 2512 1176 2571 narratio.
1198 2515 1236 2569 At
1252 2512 1316 2567 haec
1382 2501 1383 2522 ¹

249 2617 352 2677 omnia
373 2637 434 2676 non
456 2618 661 2676 demonstrant
682 2618 765 2694 quod
787 2619 911 2693 probare
923 2621 984 2678 vult
998 2619 1201 2689 Wilamowitz‚
1213 2616 1316 2677 scilicet

248 2724 319 2783 inde
341 2745 358 2782 a
380 2725 438 2782 fine
459 2723 526 2783 libri
545 2748 560 2779 υ
579 2727 623 2798 (vs
650 2727 825 2801 387)usque
835 2725 874 2783 ad
885 2727 974 2784 finem
986 2728 1139 2803 Odysseae
1152 2738 1316 2804 perpetuum

250 2851 369 2889 carmen
401 2831 520 2907 epicum
553 2849 608 2890 nos
637 2831 754 2903 habere,
787 2833 870 2908 quod
903 2852 955 2907 per
978 2844 1091 2891 suturas
1120 2851 1197 2909 quae
1219 2827 1318 2892 sintin

250 2939 342 2996 altera
373 2949 456 3014 parte
488 2936 553 2996 libri
578 2963 594 2993 τ
612 2949 640 2995 et
660 2937 691 2994 in
712 2937 791 2996 libro
810 2963 825 2993 n
845 2937 1029 2997 diasceuasta
1050 2939 1240 3000 coniunxerit
1260 2953 1319 2996 curn

250 3043 412 3121 prioribus,
442 3045 475 3102 in
506 3062 566 3119 quo
601 3044 711 3126 Ulixes!
731 3044 824 3102 inscia
854 3047 1001 3122 Penelope
1033 3066 1145 3122 procos
1175 3044 1322 3116 occidisse,

251 3151 358 3211 deinde
380 3151 464 3211 uxori
485 3171 516 3210 se
538 3151 685 3226 aperuisse
706 3151 803 3210 dictus
824 3151 869 3210 sit.
892 3151 988 3210 Addit
1003 3153 1200 3214 Wilamowitz
1215 3151 1321 3213 idcirco

250 3261 472 3330 diascettastam,
487 3279 556 3318 cum
568 3258 771 3335 coniungeret,
782 3258 813 3315 in
826 3257 902 3317 libro
914 3284 929 3313 τ
941 3258 974 3316 id
984 3260 1157 3332 mutavisse,
1171 3275 1203 3322 ut
1214 3259 1322 3322 Ulixem

250 3369 289 3426 ab
321 3369 467 3442 Euryclea
497 3365 628 3442 quidem,
657 3385 718 3424 non
742 3385 812 3424 vero
834 3385 851 3422 a
871 3367 1022 3442 Penelope
1046 3367 1181 3444 agnitum
1205 3371 1324 3440 faceret3

250 3473 356 3532 eadem
384 3483 481 3532 autem
510 3472 722 3532 coniunctione
744 3471 882 3547 explicari
904 3471 1117 3550 discrepantias
1139 3475 1220 3536 inter
1242 3477 1326 3535 libros

249 3605 272 3642 a
289 3591 319 3642 et
337 3603 363 3652 χ.

292 3689 359 3763 His,
396 3707 472 3765 quae
503 3686 692 3763 exposuimus
723 3697 803 3745 recte
836 3688 930 3746 Secclr
969 3686 1147 3749 adversatus
1180 3703 1234 3768 est,
1266 3707 1325 3749 cum

252 3794 415 3856 observarit
456 3812 546 3853 unum
588 3810 788 3870 magnumque
832 3813 895 3852 esse
936 3794 1113 3855 narrationis
1147 3809 1327 3860 momentum

251 3903 334 3978 quod
365 3903 500 3960 distineat
533 3921 567 3957 ·a
592 3917 669 3977 quae
691 3899 887 3960 Wilamowitz
910 3901 1096 3962 coniunxerit
1120 3919 1151 3965 et
1175 3909 1329 3984 coniungat

252 4029 329 4086 quae
350 4010 398 4069 ille
420 4009 583 4068 distinxerit
614 4010 691 4067 Nam
713 4018 834 4084 apparet
856 4008 887 4066 in
909 4007 992 4068 libris
1009 4037 1024 4066 v
1041 4029 1138 4086 usque
1161 4017 1203 4076 ad
1221 4016 1328 4076 initium

251 4115 320 4180 libri
349 4141 365 4170 τ
394 4119 432 4176 de
463 4116 550 4176 Ulixe
581 4116 785 4192 transfigurato
817 4113 873 4190 agi,
894 4115 965 4174 inde
987 4129 1087 4177 autem
1110 4119 1199 4182 illam
1222 4127 1329 4184 formae
