2884 4880
577 419 615 484 99

96 579 222 646 coniuncta
236 605 305 660 esse,
330 583 478 646 sileamus.
501 620 539 631 —
562 585 781 646 Kirchhoffium
799 596 917 644 secutus
932 584 1133 646 Wilamowitz

93 693 151 752 olinr
168 692 367 752 Telemachiam
388 713 449 753 uno
472 692 577 752 ordine
600 692 805 752 continuatam
828 691 917 752 fuisse
929 703 1041 766 censet,
1062 712 1135 771 nou,

91 813 117 858 ut
134 819 206 874 nune,
219 799 294 860 libris
310 807 378 861 ι-ε
398 799 430 857 in
445 800 518 858 duas
533 811 631 876 partes
646 799 788 876 divisam3
803 797 902 876 itaque
917 800 1009 858 finem
1024 799 1094 859 libri
1116 809 1135 858 ο·

88 921 113 966 et
127 906 220 966 initium
236 905 300 965 libri
318 934 331 962 ο
351 907 553 966 diasceuastae
574 905 766 966 tribuendum
787 925 860 965 esse.
902 905 1072 966 Narrationi
1094 907 1133 966 de

86 1014 230 1074 Telemachi
257 1013 355 1072 reditu
385 1007 496 1071 inserta
526 1024 570 1071 est
600 1011 632 1071 in
652 1037 665 1066 ο
685 1012 804 1071 historia
832 1012 870 1071 de
892 1013 1015 1072 Eumaei
1038 1026 1135 1094 raptu,

82 1142 159 1200 quam
186 1121 367 1180 Wilamowitz
390 1121 520 1178 fabulam
542 1119 616 1179 dicit
638 1137 701 1179 esse
722 1121 909 1196 popularem,
932 1119 1031 1178 minus
1054 1121 1133 1181 bene

79 1227 178 1289 subulci
194 1246 326 1305 personae
348 1227 534 1303 adaptatam3
556 1246 611 1303 pro
635 1246 670 1285 ea
691 1225 762 1287 olim
782 1237 931 1284 narratum
945 1225 1035 1286 fuisse
1048 1239 1135 1304 putat

76 1335 228 1413 quomodo
248 1333 348 1393 Ulixes
370 1333 450 1408 apud
473 1335 639 1392 Eumaeum
661 1332 814 1393 devenerit
828 1339 949 1410 (nempe
964 1334 1131 1394 breviorem

73 1441 218 1518 suspicatur
247 1438 334 1498 fuisse
363 1437 581 1514 expositionem
614 1459 717 1501 eorum
749 1459 825 1518 quae
855 1459 936 1500 nunc
957 1441 1040 1500 libris
1059 1453 1128 1506 με

69 1549 216 1622 narrantur)
245 1557 274 1605 et
304 1565 366 1624 quo
399 1547 491 1606 modo
515 1549 714 1606 Telemachus
735 1547 855 1606 insidias
875 1567 1035 1624 procorum
1059 1550 1130 1608 effu·
1177 1541 1187 1552 '

67 1655 152 1731 gerit3
179 1673 242 1712 nam
273 1671 310 1712 ex
342 1652 474 1712 versibus
506 1652 574 1712 libri
591 1677 613 1711 rr
631 1659 791 1730 344-448
821 1652 915 1728 (unde
936 1653 1001 1712 finis
1024 1653 1131 1712 librir

65 1760 233 1836 compositus
264 1757 312 1832 sit)
343 1777 496 1836 apparere,
525 1758 557 1816 id
578 1757 719 1835 prolixius
740 1759 771 1816 in
793 1759 925 1817 carmine
947 1771 1130 1817 enarratum

62 1888 134 1944 esse,
154 1887 216 1926 cum
236 1865 325 1925 hodie
348 1885 409 1925 non
427 1864 482 1924 nisi
498 1884 573 1924 unus
588 1884 687 1924 versus
703 1863 729 1943 (a
751 1871 821 1941 301)
837 1885 904 1924 eam
917 1885 977 1924 rem
989 1865 1131 1944 attingat.

57 1977 120 2033 Res
148 1975 208 2050 ipsa
237 1975 291 2032 sert
321 1973 374 2032 illo
399 1973 501 2032 iudice
522 1985 554 2032 ut
577 1973 684 2032 deinde
705 1972 898 2032 Telemachia
919 1972 1009 2032 etiam
1030 1992 1129 2034 rerum

56 2092 159 2139 contra
186 2100 292 2158 procos
323 2083 361 2140 ab
390 2081 478 2142 Ulixe
510 2092 539 2140 et
566 2083 750 2142 Telemacho
771 2093 921 2158 gestarum
943 2099 1128 2159 -quarum

56 2188 235 2264 praeparatio
269 2201 362 2247 exstat
391 2189 424 2246 in
450 2189 526 2247 libro
545 2209 567 2244 rr
585 2220 626 2234 -
647 2189 863 2264 expositionem
883 2189 1029 2248 habuerit.
1071 2190 1132 2250 Sed

59 2316 79 2352 n
100 2294 182 2353 libris
198 2320 214 2369 ρ
236 2294 366 2368 (omissis
381 2294 581 2353 diasceuastae
596 2294 818 2370 additamentis)
833 2317 848 2351 r
867 2321 884 2351 τ
900 2295 1025 2354 inveniri
1038 2314 1132 2371 quae-

55 2403 130 2477 lam‚
152 2419 227 2479 quae
251 2401 405 2462 conciliari
426 2420 487 2460 non
506 2402 618 2478 possint
635 2422 704 2461 cum
719 2401 886 2462 narratione
901 2402 1129 2481 Telemachiae3

55 2521 74 2567 rt
109 2509 215 2568 hiemis
248 2522 364 2586 tempus
395 2508 513 2586 saepius
541 2521 736 2570 memoratum
764 2509 791 2590 ι)
812 2529 875 2570 non
897 2522 1041 2588 congruat
1061 2528 1130 2570 cum

55 2615 243 2675 ranemarino
265 2615 437 2676 Telemachi
458 2615 573 2691 itinere,
596 2617 635 2676 de
650 2635 711 2692 quo
726 2615 847 2693 quidem
862 2617 927 2695 ipso
943 2618 973 2676 in
988 2617 1033 2677 his
1046 2618 1130 2677 libris

55 2722 156 2782 tentio
179 2725 263 2782 nulla
284 2734 334 2782 est,
377 2726 481 2799 Itaque
503 2723 703 2801 antiquiorem
728 2724 879 2784 materiam
900 2745 919 2784 a
935 2735 1023 2802 poeta
1037 2727 1127 2786 Tele·

55 2829 178 2890 rachiae
212 2832 404 2890 reformatam
435 2849 507 2904 esse,
539 2851 608 2890 cum
630 2831 702 2890 olim
723 2831 755 2891 in
776 2832 911 2909 Odyssea
932 2832 975 2892 sic
995 2832 1127 2893 narratio

55 2938 227 3012 recederet,
251 2949 283 2996 ut
304 2955 405 2996 versus
422 2959 444 2994 rr
463 2957 497 3014 27
513 2958 555 3015 sq.
570 2937 755 2998 indicarent:
778 2940 992 2998 Telemachum
1008 2959 1046 2999 ex
1056 2941 1129 2998 urbe

55 3063 107 3103 ron
147 3046 189 3102 ab
223 3043 340 3120 itinere)
374 3043 526 3103 Minervae
550 3047 671 3105 sortasse
695 3045 808 3106 monitu
830 3065 878 3105 rus
899 3046 938 3104 ad
960 3049 1126 3106 Eumaeum

55 3150 157 3210 misse.
208 3153 291 3210 Nam
321 3151 431 3228 quibus
461 3151 534 3211 locis
555 3152 584 3210 in
607 3152 686 3211 libris
703 3181 719 3210 a
737 3165 750 3219 ε
771 3154 808 3212 de
828 3151 932 3212 itinere
953 3153 1129 3213 Telemachi

55 3270 227 3318 emoratur
255 3263 295 3333 a),
318 3260 374 3318 hos
396 3277 500 3316 omnes
522 3259 718 3319 narrationem
744 3261 861 3319 turbare
883 3273 912 3330 et
926 3261 1129 3322 diasceuastae

58 3366 218 3425 buendos
255 3364 364 3442 videri3
396 3383 494 3424 rursus
525 3365 556 3424 in
587 3366 669 3426 libris
690 3392 705 3442 ρ
724 3390 739 3424 a
758 3394 774 3425 τ
797 3387 870 3442 esse,
895 3386 971 3443 quae
993 3381 1128 3446 pugnent

56 3495 91 3532 m
131 3473 320 3533 narratione
351 3474 495 3533 librorum
523 3500 538 3530 ν
556 3484 581 3539 ε.
606 3510 639 3519 -
665 3478 753 3534 Hanc
784 3475 873 3553 igitur
901 3476 1125 3536 Telemachiam

55 3591 228 3640 rsceuasta
269 3580 368 3639 iudice
407 3581 632 3642 Wilamowitzio
674 3581 828 3643 coniunxit
860 3603 928 3643 cum
961 3584 1128 3662 antiquiore

55 3690 178 3765 lyssea‚
217 3707 299 3764 quae
322 3689 492 3750 continetur
519 3688 600 3748 libris
618 3718 630 3748 ε
650 3708 741 3765 usque
763 3691 802 3748 ad
820 3699 844 3765 ε,
866 3690 969 3749 addita
990 3691 1128 3768 primaria

58 3794 151 3854 teria
176 3796 378 3872 sequentium
400 3796 553 3856 librorum.
588 3799 658 3857 Hoc
679 3809 777 3857 autem
797 3798 1003 3872 Wilamowitz,
1017 3797 1128 3874 impro-

55 3923 78 3961 a
127 3902 334 3962 Kirchhoifii
370 3904 518 3963 sententia
550 3905 588 3963 de
621 3905 680 3962 fine
711 3904 888 3981 antiquioris
919 3922 1007 3981 quem
1040 3904 1128 3963 sumit

58 4037 175 4094 στου,
221 4028 319 4068 unum
357 4030 477 4070 carmen
509 4029 573 4070 esse
607 4009 689 4087 dicit,
721 4029 777 4069 nec
808 4009 1031 4070 distinctionem
1065 4029 1128 4070 esse

55 4185 56 4206 ¹
83 4169 101 4223 ε
128 4176 208 4230 457,
236 4185 252 4234 r
272 4180 313 4230 24,
334 4177 389 4230 191,
408 4178 464 4231 572.
483 4183 498 4217 σ
518 4165 576 4228 328.
594 4184 611 4214 τ
630 4177 687 4227 319·

79 4268 99 4296 ν
126 4247 334 4313 412-428‚t
357 4246 498 4312 ¹74-18a
518 4257 564 4311 515
584 4261 640 4311 sqq·
