2928 4886
810 403 845 440 to

287 575 438 640 craterem,
472 565 589 623 Helena
610 564 731 640 pallium
784 567 854 624 Post
875 562 1033 639 prandium
1054 561 1185 622 abituros
1208 566 1376 624 Menelaus

287 669 368 730 iubet
400 689 454 731 suo
485 670 606 731 nomine
639 670 757 731 Nestori
779 671 904 729 salutem
928 668 1038 742 dicere,
1060 671 1143 746 quod
1166 689 1197 728 se
1220 671 1375 732 facturum

287 777 433 853 promittit
450 778 647 836 Telemachus
658 780 702 836 itu
716 778 766 835 dei
777 779 846 836 dent
858 784 894 835 ut
903 786 1025 853 patrem
1037 797 1120 835 suum
1131 777 1211 835 tomi
1220 783 1376 854 reperiat.

287 887 373 943 Haec
403 885 493 944 verba
523 883 655 961 sequitur
677 903 779 958 omen,
806 884 888 959 quod
912 884 1032 942 Helena
1052 883 1092 942 ad
1114 883 1211 942 Ulixis
1234 884 1375 945 reditum

290 1003 423 1068 spectare
459 990 596 1069 ostendit.
629 991 705 1050 Inde
733 991 931 1050 Telemachus
955 1007 1022 1047 cum
1043 987 1195 1049 Pisistrato
1216 993 1377 1066 profectus

289 1110 379 1157 nocte
410 1099 569 1160 devertitur
598 1099 698 1157 Pheris
719 1096 797 1174 a'pud
822 1096 970 1170 Dioclem,
993 1117 1012 1154 a
1032 1117 1089 1173 quo
1111 1099 1220 1156 iterum
1242 1119 1376 1159 munera

288 1207 396 1281 ucce'stit
424 1207 455 1278 (o
490 1205 544 1263 188
577 1225 616 1259 =
642 1205 761 1282 7490),
804 1203 878 1280 Pylo
899 1202 1142 1279 appropinquans
1166 1205 1375 1265 Telemachus

285 1318 410 1387 prepter
434 1311 657 1386 festinationem
687 1330 744 1368 uun
775 1311 855 1369 adite
877 1312 1007 1368 Nestore
1033 1308 1184 1369 Pisistrato
1207 1311 1374 1385 valedicit;

288 1417 446 1494 sociosque
468 1437 537 1476 suos
560 1436 590 1477 se
613 1429 804 1494 expectantes
815 1415 899 1476 iubet
910 1415 1042 1474 celeriter
1053 1434 1142 1474 naves
1153 1418 1373 1478 conscendere.

288 1525 471 1587 Sacrificanti
501 1526 532 1584 in
555 1525 640 1586 litore
661 1523 793 1601 applicat
813 1543 844 1582 se
865 1525 894 1581 T
895 1524 1108 1598 heoclymenus
1130 1534 1221 1600 vates,
1244 1525 1376 1584 Melam-

287 1633 376 1709 podis
397 1651 557 1709 pronepos,
569 1630 754 1691 adversarios
764 1648 833 1690 suos
844 1629 976 1707 fugiens;
996 1647 1057 1705 quo
1070 1630 1215 1688 benevole
1227 1643 1374 1707 suscepto

287 1739 343 1798 iter
375 1739 594 1817 aggrediuntur.
632 1739 783 1798 Occidente
810 1739 870 1796 sole
896 1737 1085 1795 Telemachus
1106 1755 1223 1794 cursum
1245 1741 1371 1798 nauise
1451 1743 1452 1768 ¹

288 1850 409 1921 regione
428 1850 593 1905 insularum
614 1848 731 1920 dirigit.
754 1847 869 1903 Interea
890 1844 969 1919 apud
983 1845 1148 1902 Eumaeum
1160 1843 1270 1920 hospes
1282 1862 1374 1904 suurn

290 1953 418 2012 ostendit
440 1953 597 2012 consilium
619 1971 683 2011 cras
705 1951 735 2009 in
758 1951 861 2009 urbem
885 1947 1093 2025 proficiscendi
1100 1970 1108 2022 ;
1130 1948 1204 2007 dicit
1222 1950 1323 2026 procis
1338 1971 1372 2011 se

289 2057 462 2137 apparitoris
494 2070 707 2135 praestaturum
739 2057 847 2130 officia,
879 2075 939 2132 qua
959 2075 1030 2115 rea
1052 2057 1135 2116 nullo
1157 2069 1319 2134 superetur.
1343 2061 1374 2138 1)

290 2170 360 2226 Hoc
392 2167 419 2226 ei
453 2166 604 2226 dissuadet
630 2169 779 2225 Eumaeus
800 2162 1001 2238 auxiliumque
1024 2163 1200 2222 Telemachi
1221 2165 1372 2242 spondet,

289 2285 445 2352 rogantem
457 2273 548 2332 docet
559 2272 598 2331 de
609 2277 688 2331 statu
699 2269 827 2330 familiae
838 2269 947 2331 Ulixis:
971 2273 1108 2329 Laertem
1120 2270 1201 2330 senio
1214 2271 1371 2348 afflictum,

289 2392 414 2439 matrem
443 2383 540 2441 Ulixis
561 2382 668 2438 misere
682 2381 789 2437 mertis
797 2397 906 2452 genere
917 2381 1100 2454 absumptam
1114 2397 1192 2454 esse,
1215 2391 1372 2454 postremo

290 2506 358 2545 suae
389 2486 482 2562 ipsius
514 2486 590 2544 vitae
623 2483 820 2544 narrationem
851 2483 995 2562 adiungit.
1039 2486 1126 2544 Haec
1147 2485 1218 2544 dum
1240 2499 1372 2564 aguntur

288 2593 483 2651 Telemachus
504 2591 661 2652 incolumis
682 2592 814 2650 Ithacam
829 2589 971 2666 pervenit,
983 2609 1089 2649 navem
1099 2590 1139 2649 ad
1152 2593 1256 2651 urbem
1269 2592 1372 2671 mittit,
1453 2649 1454 2668 ,

289 2702 405 2774 uesperi
435 2719 465 2756 se
495 2701 537 2756 ibi
556 2698 733 2774 adfuturum
755 2699 904 2772 affirmat.
947 2696 1172 2773 Theoclymeno
1194 2701 1309 2777 roganti
1331 2721 1372 2760 an

289 2806 370 2883 apud
394 2807 566 2882 Penelopen
588 2806 756 2864 devertatur
770 2804 912 2881 proponit
926 2814 959 2862 ut
973 2805 1164 2879 Eurymacho
1180 2824 1211 2864 se
1229 2806 1372 2883 applicet,

291 2931 357 2971 curn
390 2913 415 2971 is
437 2913 610 2989 Penelopen
633 2911 774 2970 ducturus
794 2911 831 2969 sit
853 2929 985 2983 uxorem,
1019 2909 1077 2968 nisi
1100 2909 1123 2969 si
1145 2921 1234 2971 antea
1257 2910 1374 2987 Iupiter

292 3038 359 3079 eum
382 3018 496 3096 perdat.
536 3019 627 3094 Quod
644 3020 715 3076 haee
735 3019 825 3076 verbu
845 3019 978 3093 sequitur
999 3036 1081 3075 emen
1103 3037 1121 3075 a
1142 3018 1372 3095 Theoclymeno

292 3124 470 3201 explicatum
502 3143 563 3201 quo
597 3126 677 3183 Iacto
709 3142 777 3182 eum
808 3121 908 3182 amico
940 3140 993 3182 suo
1027 3121 1132 3182 Piraeo
1167 3125 1373 3184 Telemachus

291 3231 501 3308 commendat,
522 3232 585 3307 ipse
607 3231 646 3290 ad
668 3231 825 3290 subulcum
847 3229 950 3307 pergit.
983 3228 1043 3304 Qui
1065 3249 1182 3290 summo
1204 3250 1271 3290 eum
1293 3232 1373 3291 exci-

290 3338 375 3415 piens
407 3338 527 3414 gaudio,
551 3357 641 3415 quem
664 3355 815 3413 nunquam
837 3338 910 3414 Pylo
933 3335 1096 3395 rediturum
1119 3356 1182 3396 esse
1205 3348 1373 3414 putaverat,

292 3443 376 3503 addit
408 3465 470 3503 eum
492 3465 567 3502 raro
588 3467 643 3504 rus
664 3447 774 3513 venire,
789 3456 953 3520 procorum
975 3446 1114 3521 urbisque
1136 3465 1188 3504 usu
1210 3447 1315 3520 magis,
1336 3457 1376 3505 ut

290 3551 416 3620 uidetur,
445 3554 630 3626 gaudentem.
667 3549 798 3627 Roganti
822 3552 1006 3610 Telemacho
1031 3550 1097 3628 quis
1118 3552 1153 3612 sit
1178 3571 1266 3627 quem
1288 3553 1375 3614 videt

291 3658 408 3735 hospes,
430 3659 591 3735 respondet
612 3661 760 3717 Eumaeus
784 3677 850 3716 eum
876 3658 1048 3718 Cretensem
1069 3678 1132 3719 esse
1153 3680 1170 3718 e
1190 3661 1373 3737 Thesprotia

290 3766 422 3824 Ithacam
445 3766 593 3842 delatum,
625 3764 816 3825 commendat
837 3782 905 3823 eum
937 3765 1116 3826 Telemacho
1139 3767 1189 3841 qui
1208 3786 1372 3844 procorum

292 3941 460 3950 -ι-

328 4054 349 4110 1)
370 4065 386 4096 o
414 4061 473 4111 321.
501 4046 675 4120 δρηστοσύνῃ
704 4047 752 4097 οὐκ
780 4045 812 4097 ἄν
835 4066 881 4107 μοι
899 4047 1031 4115 ipiuoeiru
1049 4046 1151 4115 βροτὸς
1170 4046 1258 4105 ἄλλος.
1294 4046 1373 4109 Quod

291 4129 366 4178 uimIs
384 4129 483 4178 videtur
501 4146 615 4194 pugnare
633 4145 688 4178 cum
705 4129 737 4177 iis
755 4145 819 4194 quae
838 4135 912 4177 antea
930 4129 962 4177 de
980 4145 1007 4177 se
1025 4130 1104 4178 dixit:
1123 4134 1136 4188 ξ
1157 4144 1205 4180 222
1219 4146 1271 4195 seq.
1289 4127 1372 4196 iprae

293 4211 325 4261 δέ
344 4232 391 4275 μοι
412 4211 444 4262 οὐ
463 4212 543 4272 φίλον
563 4211 642 4263 i'ouee
661 4217 719 4262 cett.
