2804 5518
677 431 712 493 75

150 591 182 649 in
204 593 263 648 fine
285 589 427 648 librorum
446 609 474 664 ρ,
495 611 520 648 τ.
538 611 565 666 3.
581 589 827 668 interpolationes
840 609 916 667 quae
931 590 1053 670 ingenio
1068 602 1118 650 aut
1132 594 1231 670 loqua·

148 697 233 756 citati
255 697 472 773 rhapsodorum
495 697 650 756 debentur.

188 807 253 862 Iam
280 804 439 862 nonnullas
461 823 499 862 ex
519 804 564 861 his
586 804 866 880 interpolationibus
888 805 1092 865 examinemus
1113 825 1150 865 an
1172 806 1233 866 iure

145 921 274 970 statutae
308 911 364 968 sint
397 921 425 968 et
459 921 591 969 remotae
615 909 770 969 restituant
792 912 1001 971 cohaerentem
1023 913 1233 972 narrationem.

193 1038 219 1077 1.
250 1043 266 1088 y
300 1020 441 1093 313—16
476 1023 531 1083 καὶ
566 1025 602 1085 σύ
635 1019 730 1100 φίλος
753 1036 846 1093 usque
867 1020 906 1078 ad
928 1021 1030 1108 ἔλθῃς
1052 1019 1120 1078 eicit
1139 1023 1233 1080 Kam-

145 1143 211 1183 mer
233 1134 353 1199 propter
376 1123 569 1196 sententiam;
590 1124 674 1201 quod
696 1125 872 1183 Telemachi
894 1127 975 1186 bona
999 1128 1088 1186 etiam
1107 1129 1235 1188 absentis

146 1230 344 1290 comedantur
376 1251 393 1288 a
428 1230 543 1306 procis3
578 1231 661 1307 quod
690 1230 753 1307 ipse
778 1224 978 1291 Telemachus
999 1235 1078 1292 hanc
1101 1236 1241 1295 Nestoris

146 1337 327 1396 sententiam
359 1357 421 1396 non
447 1348 593 1396 memoret
621 1363 634 1393 ο
662 1341 736 1414 1983
761 1331 844 1414 quod
866 1358 928 1399 non
950 1341 1056 1399 deceat
1077 1319 1235 1401 Nestoretri

145 1444 363 1502 Telemachum
381 1443 420 1501 ab
434 1442 535 1502 officio
551 1427 621 1520 erga
636 1454 749 1519 patrem
765 1446 936 1505 absterrere.
962 1448 1048 1522 Quae
1063 1459 1235 1526 argumenta

144 1568 238 1626 quam
261 1549 318 1608 sint
339 1549 434 1608 sutilia
455 1549 535 1608 cadit
556 1550 586 1608 in
611 1552 723 1610 oculos.
749 1554 844 1610 Recte
859 1552 980 1630 quidem
1001 1557 1146 1614 Kammer
1161 1542 1235 1614 dicit

146 1658 265 1715 nullum
298 1656 451 1716 transitum
482 1675 545 1716 esse
568 1657 681 1730 interr
706 1680 762 1735 312
789 1671 818 1718 et
843 1692 859 1736 ν
883 1680 952 1737 3¹3·
996 1664 1035 1719 At
1056 1680 1118 1719 non
1140 1661 1234 1738 magis

148 1765 312 1823 cohaerent
343 1791 359 1835 ν
391 1783 448 1839 312
473 1773 502 1821 et
522 1789 539 1833 ν
562 1784 618 1839 317
643 1784 720 1842 sqq.,
741 1784 797 1824 nec
821 1766 982 1826 desiderari
1004 1776 1137 1843 potesty
1165 1771 1234 1844 316,

146 1870 307 1929 manifesto
318 1869 470 1946 pertinens
482 1870 519 1928 ad
531 1895 548 1940 y
560 1888 629 1946 317.
642 1873 718 1931 Cum
732 1871 775 1931 sic
787 1872 917 1948 explicat
929 1874 1087 1932 Kammer:
1107 1875 1235 1946 „Nestor

145 1981 200 2039 hat
231 1999 291 2038 von
324 1981 480 2054 Menelaus
512 1981 621 2038 erzahlt
643 1959 704 2037 und
730 1979 791 2052 das,
824 1999 885 2038 was
909 1980 1108 2039 Telemachos
1131 1979 1234 2038 wissen

147 2088 257 2154 wollte,
281 2107 316 2144 zu
339 2086 426 2145 Ende
447 2088 597 2165 gebracht.
621 2089 674 2145 Da
690 2086 773 2162 fallt
791 2107 820 2145 es
843 2088 903 2145 z'lzm
920 2089 975 2163 ein,
997 2087 1235 2146 dass‘Menelaus

147 2197 190 2252 als
223 2195 409 2254 letzter....
448 2194 651 2271 heimgekehrt
683 2193 741 2270 sei3
774 2213 807 2252 so
840 2193 948 2268 kntipft
980 2212 1010 2251 er
1039 2213 1095 2256 an:
1127 2195 1234 2266 „Doclt

147 2319 184 2359 zu
222 2300 377 2359 Menelaus
417 2300 509 2370 etc.’',
547 2300 639 2359 verbo
676 2299 805 2372 „Doch”
840 2302 951 2357 nullam
986 2299 1233 2377 significationem

146 2406 252 2467 tribuit
276 2418 305 2465 et
330 2427 385 2466 suo
406 2409 614 2484 supplemento
636 2407 665 2464 in
688 2406 821 2465 Nestoris
846 2425 984 2464 sermone
1005 2406 1124 2464 resarcit
1145 2425 1233 2484 quern

145 2516 211 2590 ipse
243 2513 342 2572 intulit
373 2514 495 2572 hiatum.
541 2516 617 2574 Cum
650 2514 680 2572 in
714 2512 786 2589 ipsis
818 2513 950 2572 versibus
971 2515 1053 2572 nulla
1076 2513 1234 2572 difficultas

147 2621 184 2680 sit
224 2640 280 2680 nec
320 2620 445 2699 cogitari
484 2622 578 2698 possit
619 2640 670 2680 cur
710 2619 868 2698 quisquam
911 2620 982 2678 talia
1021 2620 1233 2699 interpolaret,

146 2729 303 2788 Kammeri
341 2729 516 2790 sententiam
553 2728 637 2803 sequi
674 2747 734 2786 non
770 2746 936 2804 possumus.
986 2731 1142 2802 (Kammer
1182 2747 1230 2804 pp.

148 2854 205 2912 435
231 2842 309 2912 sqq.)

189 2964 217 3002 a.
250 2951 268 2999 ct
300 2962 441 3019 391-'93
472 2950 526 3008 καὶ
553 2945 587 3009 δέ
612 2971 645 3008 aa
671 2970 722 3009 τοι
747 2945 856 3028 εἴπῃσι
880 2951 948 2999 cett.
968 2941 997 2997 h.
1018 2941 1038 2998 l.
1064 2960 1124 2999 non
1147 2952 1233 3017 aptos

148 3050 223 3109 dicit
240 3053 386 3108 Kammer
397 3069 424 3125 p.
438 3070 508 3124 439,
530 3048 612 3123 quod
625 3048 698 3106 nihil
710 3048 747 3106 de
758 3066 811 3106 sua
822 3048 914 3106 domo
926 3047 1082 3105 Menelaus
1093 3048 1230 3105 Proteum

149 3170 240 3235 roget.
284 3161 387 3233 Ipsum
419 3156 442 3214 si
466 3155 559 3228 audis
582 3175 599 3213 a
620 3153 780 3230 rhapsodis
798 3153 994 3230 incogitanter
1015 3152 1143 3211 traducti
1165 3165 1233 3212 sunt

61 3339 64 3352 ἱ
150 3284 185 3322 ex
216 3265 294 3324 libro
326 3291 350 3336 κ,
384 3263 435 3322 ubi
457 3274 524 3339 post
552 3283 608 3321 vs·
618 3279 675 3337 540
699 3283 739 3316 =
765 3269 783 3316 δ
808 3282 866 3338 390
890 3261 1085 3348 (adorovd',
1110 3263 1153 3338 ὡς
1179 3267 1231 3328 ἐπὶ

63 3375 64 3384 ’
150 3383 274 3440 πόντον
300 3374 443 3439 gamm
469 3369 660 3458 ἰχθυόεντα)
685 3368 769 3446 sequi
787 3368 910 3444 debent,
934 3385 1000 3425 cum
1017 3383 1096 3425 nunc
1111 3366 1231 3444 quidem

150 3477 190 3536 ibi
223 3478 336 3536 desunt.
381 3477 521 3537 Similiter
551 3495 650 3534 versus
682 3501 696 3530 κ
730 3495 889 3554 190-,-193
914 3473 953 3564 (ὦ
980 3475 1082 3559 φίλοι,
1109 3480 1146 3544 οὐ
1171 3481 1231 3557 γὰρ

150 3589 240 3668 ἴδμεν
263 3590 330 3660 etc.)
351 3585 382 3643 in
404 3584 510 3644 librum
535 3592 550 3639 t
573 3584 813 3660 transponendos
834 3602 897 3642 esse
916 3582 998 3641 dicit.
1034 3585 1074 3640 At
1095 3581 1175 3640 idem
1193 3619 1230 3628 -

151 3702 180 3749 ut
212 3693 342 3752 vidimus
374 3712 402 3768 p.
436 3695 471 3749 61
498 3727 535 3736 -—
557 3693 646 3750 finem
679 3691 747 3750 libri
771 3715 785 3744 κ
808 3700 837 3750 et
858 3689 976 3749 initium
999 3689 1066 3750 libri
1090 3695 1105 3744 λ
1127 3703 1232 3766 postea

152 3816 167 3852 a
204 3798 364 3874 rhapsodis
398 3797 531 3857 additum
567 3807 649 3873 putat
710 3777 754 3856 Ex
786 3798 831 3856 his
867 3797 955 3875 igitur
985 3811 1092 3876 postea
1122 3800 1233 3858 additis

151 3922 246 3964 versus
268 3904 389 3982 quidam
413 3923 565 3980 perperam
587 3903 617 3960 in
640 3904 727 3962 aliam
750 3914 863 3980 partem
886 3905 1027 3980 translati,
1050 3905 1101 3981 qui
1122 3905 1231 3966 deinde

153 4008 295 4088 inpriore
317 4015 386 4072 loco
407 4031 561 4089 perperam
584 4023 652 4070 sunt
673 4010 781 4070 omissi.
805 4012 840 4070 Id
862 4032 932 4071 vero
954 4012 1072 4071 cuinam
1088 4011 1231 4072 credibile

154 4115 281 4178 videtur?
303 4123 362 4178 Aut
383 4119 450 4195 quis
471 4139 532 4180 non
556 4118 719 4179 faciliorem
742 4121 894 4178 intellectu
916 4120 1006 4178 ducat
1028 4118 1231 4182 diasceuastae

157 4223 366 4288 Kirchhoffiani
387 4245 477 4302 quam
499 4228 655 4290 Kammeri
679 4228 893 4306 rhapsodorum
916 4223 1081 4290 rationem?
