<?xml version="1.0" encoding="UTF-8"?>
<!DOCTYPE html PUBLIC "-//W3C//DTD XHTML 1.0 Transitional//EN"
    "http://www.w3.org/TR/xhtml1/DTD/xhtml1-transitional.dtd">
<html xmlns="http://www.w3.org/1999/xhtml" xml:lang="en" lang="en">
 <head>
  <title>
</title>
<meta http-equiv="Content-Type" content="text/html;charset=utf-8" />
  <meta name='ocr-system' content='tesseract 3.04.00' />
  <meta name='ocr-capabilities' content='ocr_page ocr_carea ocr_par ocr_line ocrx_word'/>
</head>
<body>
  <div class='ocr_page' id='page_1' title='image "./praecipuaerecen00fraegoog_0096.png"; bbox 0 0 2884 4880; ppageno 0'>
   <div class='ocr_carea' id='block_1_1' title="bbox 538 412 572 477">
    <p class='ocr_par' dir='ltr' id='par_1_1' title="bbox 538 412 572 477">
     <span class='ocr_line' id='line_1_1' title="bbox 538 412 572 477; baseline -0.029 0"><span class='ocrx_word' id='word_1_1' title='bbox 538 412 572 477; x_wconf 83' lang='lat'>81</span> 
     </span>
    </p>
   </div>
   <div class='ocr_carea' id='block_1_2' title="bbox 62 595 1099 994">
    <p class='ocr_par' dir='ltr' id='par_1_2' title="bbox 62 595 1097 784">
     <span class='ocr_line' id='line_1_2' title="bbox 65 595 1097 678; baseline -0.006 -20"><span class='ocrx_word' id='word_1_2' title='bbox 65 602 104 678; x_wconf 64' lang='grc' dir='ltr'>τίς</span> <span class='ocrx_word' id='word_1_3' title='bbox 123 601 152 667; x_wconf 77' lang='grc' dir='ltr'>δέ</span> <span class='ocrx_word' id='word_1_4' title='bbox 172 629 197 667; x_wconf 60' lang='grc' dir='ltr'>χε</span> <span class='ocrx_word' id='word_1_5' title='bbox 218 603 286 676; x_wconf 67' lang='grc' dir='ltr'><strong><em>τόξα</em></strong></span> <span class='ocrx_word' id='word_1_6' title='bbox 311 599 499 664; x_wconf 61' lang='grc' dir='ltr'><strong><em>τιταίνοιτ’.</em></strong></span> <span class='ocrx_word' id='word_1_7' title='bbox 537 598 572 655; x_wconf 94' lang='lat' dir='ltr'>Id</span> <span class='ocrx_word' id='word_1_8' title='bbox 593 595 689 673; x_wconf 90' lang='lat' dir='ltr'>ipsum</span> <span class='ocrx_word' id='word_1_9' title='bbox 713 595 866 656; x_wconf 87' lang='lat' dir='ltr'>concludit</span> <span class='ocrx_word' id='word_1_10' title='bbox 889 595 1040 654; x_wconf 86' lang='lat' dir='ltr'>Antinous</span> <span class='ocrx_word' id='word_1_11' title='bbox 1061 611 1097 652; x_wconf 87' lang='lat' dir='ltr'>ex</span> 
     </span>
     <span class='ocr_line' id='line_1_3' title="bbox 62 701 1029 784; baseline -0.006 -18"><span class='ocrx_word' id='word_1_12' title='bbox 62 728 191 784; x_wconf 84' lang='lat' dir='ltr'>procorum</span> <span class='ocrx_word' id='word_1_13' title='bbox 209 707 280 765; x_wconf 88' lang='lat' dir='ltr'>vanis</span> <span class='ocrx_word' id='word_1_14' title='bbox 303 705 475 764; x_wconf 89' lang='lat' dir='ltr'>conatibus:</span> <span class='ocrx_word' id='word_1_15' title='bbox 498 721 573 781; x_wconf 92' lang='lat' dir='ltr'>quos</span> <span class='ocrx_word' id='word_1_16' title='bbox 595 703 637 760; x_wconf 87' lang='lat' dir='ltr'>ita</span> <span class='ocrx_word' id='word_1_17' title='bbox 658 719 798 762; x_wconf 87' lang='lat' dir='ltr'>excusare</span> <span class='ocrx_word' id='word_1_18' title='bbox 820 713 900 760; x_wconf 90' lang='lat' dir='ltr'>recte</span> <span class='ocrx_word' id='word_1_19' title='bbox 921 701 1029 777; x_wconf 86' lang='lat' dir='ltr'>potuit.</span> 
     </span>
    </p>

    <p class='ocr_par' dir='ltr' id='par_1_3' title="bbox 62 811 1099 994">
     <span class='ocr_line' id='line_1_4' title="bbox 94 811 1098 890; baseline -0.006 -18"><span class='ocrx_word' id='word_1_20' title='bbox 94 837 117 890; x_wconf 77' lang='lat'>3.</span> <span class='ocrx_word' id='word_1_21' title='bbox 146 817 259 886; x_wconf 84' lang='lat' dir='ltr'>„Femer¹</span> <span class='ocrx_word' id='word_1_22' title='bbox 291 812 345 870; x_wconf 90' lang='lat' dir='ltr'>mit</span> <span class='ocrx_word' id='word_1_23' title='bbox 367 813 508 870; x_wconf 88' lang='lat' dir='ltr'>welchem</span> <span class='ocrx_word' id='word_1_24' title='bbox 531 811 627 868; x_wconf 87' lang='lat' dir='ltr'>Recht</span> <span class='ocrx_word' id='word_1_25' title='bbox 648 828 702 868; x_wconf 89' lang='lat' dir='ltr'>nur</span> <span class='ocrx_word' id='word_1_26' title='bbox 724 812 836 869; x_wconf 87' lang='lat' dir='ltr'>konnte</span> <span class='ocrx_word' id='word_1_27' title='bbox 857 811 892 866; x_wconf 93' lang='lat' dir='ltr'>A.</span> <span class='ocrx_word' id='word_1_28' title='bbox 917 828 1017 885; x_wconf 84' lang='lat' dir='ltr'>sagen,</span> <span class='ocrx_word' id='word_1_29' title='bbox 1050 828 1098 866; x_wconf 90' lang='lat' dir='ltr'>arn</span> 
     </span>
     <span class='ocr_line' id='line_1_5' title="bbox 62 914 1099 994; baseline -0.005 -15"><span class='ocrx_word' id='word_1_30' title='bbox 62 925 130 980; x_wconf 78' lang='lat' dir='ltr'>leste</span> <span class='ocrx_word' id='word_1_31' title='bbox 159 923 203 979; x_wconf 90' lang='lat' dir='ltr'>des</span> <span class='ocrx_word' id='word_1_32' title='bbox 229 922 331 980; x_wconf 91' lang='lat' dir='ltr'>Gottes</span> <span class='ocrx_word' id='word_1_33' title='bbox 363 920 447 978; x_wconf 78' lang='lat' dir='ltr'>durfe</span> <span class='ocrx_word' id='word_1_34' title='bbox 481 937 550 976; x_wconf 91' lang='lat' dir='ltr'>man</span> <span class='ocrx_word' id='word_1_35' title='bbox 584 917 666 975; x_wconf 90' lang='lat' dir='ltr'>nicht</span> <span class='ocrx_word' id='word_1_36' title='bbox 697 918 755 976; x_wconf 87' lang='lat' dir='ltr'>den</span> <span class='ocrx_word' id='word_1_37' title='bbox 787 917 890 994; x_wconf 88' lang='lat' dir='ltr'>Bogen</span> <span class='ocrx_word' id='word_1_38' title='bbox 922 914 1099 992; x_wconf 88' lang='lat' dir='ltr'>spannen?&#39;‘</span> 
     </span>
    </p>
   </div>
   <div class='ocr_carea' id='block_1_3' title="bbox 62 1023 1100 1103">
    <p class='ocr_par' dir='ltr' id='par_1_4' title="bbox 62 1023 1100 1103">
     <span class='ocr_line' id='line_1_6' title="bbox 62 1023 1100 1103; baseline -0.006 -17"><span class='ocrx_word' id='word_1_39' title='bbox 62 1028 161 1103; x_wconf 62' lang='lat' dir='ltr'>Quaerit</span> <span class='ocrx_word' id='word_1_40' title='bbox 185 1028 317 1086; x_wconf 86' lang='lat' dir='ltr'><strong>Antinous</strong></span> <span class='ocrx_word' id='word_1_41' title='bbox 339 1045 458 1084; x_wconf 89' lang='lat' dir='ltr'>causam</span> <span class='ocrx_word' id='word_1_42' title='bbox 481 1023 636 1084; x_wconf 86' lang='lat' dir='ltr'>differendi</span> <span class='ocrx_word' id='word_1_43' title='bbox 660 1023 848 1083; x_wconf 82' lang='lat' dir='ltr'>certaminis:</span> <span class='ocrx_word' id='word_1_44' title='bbox 885 1042 947 1083; x_wconf 93' lang='lat' dir='ltr'>non</span> <span class='ocrx_word' id='word_1_45' title='bbox 972 1032 1100 1099; x_wconf 84' lang='lat' dir='ltr'>praestat</span> 
     </span>
    </p>
   </div>
   <div class='ocr_carea' id='block_1_4' title="bbox 62 1133 1117 4314">
    <p class='ocr_par' dir='ltr' id='par_1_5' title="bbox 62 1133 435 1192">
     <span class='ocr_line' id='line_1_7' title="bbox 62 1133 435 1192; baseline -0.011 0"><span class='ocrx_word' id='word_1_46' title='bbox 62 1134 184 1192; x_wconf 61' lang='lat' dir='ltr'>veritatem</span> <span class='ocrx_word' id='word_1_47' title='bbox 203 1152 300 1191; x_wconf 83' lang='lat' dir='ltr'>causae</span> <span class='ocrx_word' id='word_1_48' title='bbox 322 1133 435 1191; x_wconf 73' lang='lat' dir='ltr'>allataev</span> 
     </span>
    </p>

    <p class='ocr_par' dir='ltr' id='par_1_6' title="bbox 62 1214 1117 3562">
     <span class='ocr_line' id='line_1_8' title="bbox 87 1214 1100 1315; baseline -0.004 -17"><span class='ocrx_word' id='word_1_49' title='bbox 87 1261 111 1312; x_wconf 83' lang='lat'>4.</span> <span class='ocrx_word' id='word_1_50' title='bbox 148 1239 292 1314; x_wconf 72' lang='lat' dir='ltr'>„Endlich‚</span> <span class='ocrx_word' id='word_1_51' title='bbox 322 1257 381 1296; x_wconf 87' lang='lat' dir='ltr'>was</span> <span class='ocrx_word' id='word_1_52' title='bbox 413 1237 468 1296; x_wconf 94' lang='lat' dir='ltr'>mir</span> <span class='ocrx_word' id='word_1_53' title='bbox 496 1214 548 1295; x_wconf 89' lang='lat' dir='ltr'>das</span> <span class='ocrx_word' id='word_1_54' title='bbox 577 1236 737 1315; x_wconf 86' lang='lat' dir='ltr'>wichtigste</span> <span class='ocrx_word' id='word_1_55' title='bbox 759 1259 793 1296; x_wconf 90' lang='lat' dir='ltr'>zu</span> <span class='ocrx_word' id='word_1_56' title='bbox 816 1237 878 1296; x_wconf 92' lang='lat' dir='ltr'>sein</span> <span class='ocrx_word' id='word_1_57' title='bbox 900 1236 1022 1309; x_wconf 84' lang='lat' dir='ltr'>scheint,</span> <span class='ocrx_word' id='word_1_58' title='bbox 1045 1236 1100 1296; x_wconf 91' lang='lat' dir='ltr'>der</span> 
     </span>
     <span class='ocr_line' id='line_1_9' title="bbox 62 1344 1100 1422; baseline -0.002 -18"><span class='ocrx_word' id='word_1_59' title='bbox 62 1348 149 1405; x_wconf 87' lang='lat' dir='ltr'>lrtikel</span> <span class='ocrx_word' id='word_1_60' title='bbox 178 1345 220 1404; x_wconf 92' lang='lat' dir='ltr'>bei</span> <span class='ocrx_word' id='word_1_61' title='bbox 247 1354 335 1410; x_wconf 57' lang='grc' dir='ltr'><em>θεοῖο</em></span> <span class='ocrx_word' id='word_1_62' title='bbox 366 1347 450 1422; x_wconf 88' lang='lat'>(258)</span> <span class='ocrx_word' id='word_1_63' title='bbox 472 1345 508 1401; x_wconf 90' lang='lat' dir='ltr'>ist</span> <span class='ocrx_word' id='word_1_64' title='bbox 529 1344 716 1421; x_wconf 82' lang='lat' dir='ltr'>unmdglich:</span> <span class='ocrx_word' id='word_1_65' title='bbox 740 1365 773 1404; x_wconf 91' lang='lat' dir='ltr'>so</span> <span class='ocrx_word' id='word_1_66' title='bbox 797 1349 908 1405; x_wconf 83' lang='lat' dir='ltr'>konnte</span> <span class='ocrx_word' id='word_1_67' title='bbox 930 1366 986 1404; x_wconf 93' lang='lat' dir='ltr'>nur</span> <span class='ocrx_word' id='word_1_68' title='bbox 1008 1344 1100 1405; x_wconf 91' lang='lat' dir='ltr'>Einer</span> 
     </span>
     <span class='ocr_line' id='line_1_10' title="bbox 62 1452 1100 1529; baseline 0 -19"><span class='ocrx_word' id='word_1_69' title='bbox 62 1455 183 1529; x_wconf 87' lang='lat' dir='ltr'>prechen,</span> <span class='ocrx_word' id='word_1_70' title='bbox 213 1453 261 1510; x_wconf 90' lang='lat' dir='ltr'>der</span> <span class='ocrx_word' id='word_1_71' title='bbox 292 1452 341 1510; x_wconf 92' lang='lat' dir='ltr'>die</span> <span class='ocrx_word' id='word_1_72' title='bbox 373 1452 531 1528; x_wconf 86' lang='lat' dir='ltr'>folgenden</span> <span class='ocrx_word' id='word_1_73' title='bbox 565 1453 656 1511; x_wconf 88' lang='lat' dir='ltr'>Verse</span> <span class='ocrx_word' id='word_1_74' title='bbox 689 1471 742 1511; x_wconf 90' lang='lat' dir='ltr'>vor</span> <span class='ocrx_word' id='word_1_75' title='bbox 772 1453 834 1511; x_wconf 92' lang='lat' dir='ltr'>sich</span> <span class='ocrx_word' id='word_1_76' title='bbox 858 1454 930 1511; x_wconf 84' lang='lat' dir='ltr'>sand</span> <span class='ocrx_word' id='word_1_77' title='bbox 954 1453 1016 1510; x_wconf 92' lang='lat' dir='ltr'>und</span> <span class='ocrx_word' id='word_1_78' title='bbox 1038 1469 1100 1510; x_wconf 90' lang='lat' dir='ltr'>nun</span> 
     </span>
     <span class='ocr_line' id='line_1_11' title="bbox 62 1559 1098 1626; baseline -0.001 -7"><span class='ocrx_word' id='word_1_79' title='bbox 62 1573 95 1620; x_wconf 87' lang='lat' dir='ltr'>rst</span> <span class='ocrx_word' id='word_1_80' title='bbox 124 1561 172 1619; x_wconf 91' lang='lat' dir='ltr'>mit</span> <span class='ocrx_word' id='word_1_81' title='bbox 202 1559 361 1618; x_wconf 78' lang='lat' dir='ltr'>R&#39;riclrsicht</span> <span class='ocrx_word' id='word_1_82' title='bbox 394 1561 447 1617; x_wconf 85' lang='lat' dir='ltr'>auf</span> <span class='ocrx_word' id='word_1_83' title='bbox 476 1559 529 1616; x_wconf 89' lang='lat' dir='ltr'>das</span> <span class='ocrx_word' id='word_1_84' title='bbox 556 1559 619 1617; x_wconf 90' lang='lat' dir='ltr'>hier</span> <span class='ocrx_word' id='word_1_85' title='bbox 639 1559 874 1618; x_wconf 88' lang='lat' dir='ltr'>vorkommende</span> <span class='ocrx_word' id='word_1_86' title='bbox 897 1561 1098 1626; x_wconf 67' lang='grc' dir='ltr'>Ἀπόλλωνα</span> 
     </span>
     <span class='ocr_line' id='line_1_12' title="bbox 62 1664 1099 1743; baseline -0.002 -17"><span class='ocrx_word' id='word_1_87' title='bbox 62 1669 229 1726; x_wconf 81' lang='lat' dir='ltr'>edanlrenlos</span> <span class='ocrx_word' id='word_1_88' title='bbox 261 1676 328 1730; x_wconf 80' lang='grc' dir='ltr'><strong>τοῖο</strong></span> <span class='ocrx_word' id='word_1_89' title='bbox 360 1673 451 1730; x_wconf 74' lang='grc' dir='ltr'><em>θεοῖο</em></span> <span class='ocrx_word' id='word_1_90' title='bbox 485 1664 654 1722; x_wconf 87' lang='lat' dir='ltr'>einsetzte.”</span> <span class='ocrx_word' id='word_1_91' title='bbox 698 1665 792 1739; x_wconf 87' lang='lat' dir='ltr'>Quasi</span> <span class='ocrx_word' id='word_1_92' title='bbox 826 1686 897 1726; x_wconf 92' lang='lat' dir='ltr'>vero</span> <span class='ocrx_word' id='word_1_93' title='bbox 929 1667 959 1724; x_wconf 93' lang='lat' dir='ltr'>in</span> <span class='ocrx_word' id='word_1_94' title='bbox 982 1685 1099 1743; x_wconf 90' lang='lat' dir='ltr'>praece-</span> 
     </span>
     <span class='ocr_line' id='line_1_13' title="bbox 62 1772 1099 1851; baseline 0 -19"><span class='ocrx_word' id='word_1_95' title='bbox 62 1775 168 1832; x_wconf 77' lang='lat' dir='ltr'>entibus</span> <span class='ocrx_word' id='word_1_96' title='bbox 206 1792 264 1832; x_wconf 92' lang='lat' dir='ltr'>non</span> <span class='ocrx_word' id='word_1_97' title='bbox 306 1772 424 1849; x_wconf 87' lang='lat' dir='ltr'>saepius</span> <span class='ocrx_word' id='word_1_98' title='bbox 464 1773 570 1830; x_wconf 82' lang='lat' dir='ltr'>festum</span> <span class='ocrx_word' id='word_1_99' title='bbox 602 1772 751 1848; x_wconf 86' lang='lat' dir='ltr'>Apollinis</span> <span class='ocrx_word' id='word_1_100' title='bbox 781 1774 975 1851; x_wconf 86' lang='lat' dir='ltr'>significatum</span> <span class='ocrx_word' id='word_1_101' title='bbox 1008 1778 1099 1832; x_wconf 89' lang='lat' dir='ltr'>esset!</span> 
     </span>
     <span class='ocr_line' id='line_1_14' title="bbox 62 1878 1101 1956; baseline 0 -18"><span class='ocrx_word' id='word_1_102' title='bbox 62 1902 73 1940; x_wconf 94' lang='lat'>·.</span> <span class='ocrx_word' id='word_1_103' title='bbox 108 1884 169 1956; x_wconf 83' lang='lat'>156,</span> <span class='ocrx_word' id='word_1_104' title='bbox 201 1882 255 1954; x_wconf 79' lang='lat'>276</span> <span class='ocrx_word' id='word_1_105' title='bbox 277 1884 354 1956; x_wconf 90' lang='lat' dir='ltr'>sqq.)</span> <span class='ocrx_word' id='word_1_106' title='bbox 397 1878 474 1952; x_wconf 88' lang='lat' dir='ltr'>„Die</span> <span class='ocrx_word' id='word_1_107' title='bbox 497 1899 589 1955; x_wconf 85' lang='lat' dir='ltr'>ganze</span> <span class='ocrx_word' id='word_1_108' title='bbox 611 1879 774 1954; x_wconf 82' lang='lat' dir='ltr'>Ausilucht‚</span> <span class='ocrx_word' id='word_1_109' title='bbox 796 1879 844 1937; x_wconf 88' lang='lat' dir='ltr'>die</span> <span class='ocrx_word' id='word_1_110' title='bbox 867 1880 928 1938; x_wconf 90' lang='lat' dir='ltr'>hier</span> <span class='ocrx_word' id='word_1_111' title='bbox 950 1880 1101 1940; x_wconf 90' lang='lat' dir='ltr'>Antinoos</span> 
     </span>
     <span class='ocr_line' id='line_1_15' title="bbox 62 1985 1101 2062; baseline -0.002 -17"><span class='ocrx_word' id='word_1_112' title='bbox 62 1989 161 2062; x_wconf 72' lang='lat' dir='ltr'>aucht,</span> <span class='ocrx_word' id='word_1_113' title='bbox 192 1985 227 2044; x_wconf 90' lang='lat' dir='ltr'>ist</span> <span class='ocrx_word' id='word_1_114' title='bbox 257 2006 292 2044; x_wconf 91' lang='lat' dir='ltr'>zu</span> <span class='ocrx_word' id='word_1_115' title='bbox 317 1985 434 2044; x_wconf 87' lang='lat' dir='ltr'>elend.&#39;’</span> <span class='ocrx_word' id='word_1_116' title='bbox 478 1989 518 2044; x_wconf 88' lang='lat' dir='ltr'>At</span> <span class='ocrx_word' id='word_1_117' title='bbox 541 2005 578 2044; x_wconf 93' lang='lat' dir='ltr'>eo</span> <span class='ocrx_word' id='word_1_118' title='bbox 600 1985 665 2061; x_wconf 91' lang='lat' dir='ltr'>ipso</span> <span class='ocrx_word' id='word_1_119' title='bbox 687 2003 762 2062; x_wconf 92' lang='lat' dir='ltr'>opus</span> <span class='ocrx_word' id='word_1_120' title='bbox 784 1998 837 2058; x_wconf 87' lang='lat' dir='ltr'>est,</span> <span class='ocrx_word' id='word_1_121' title='bbox 860 1995 1017 2062; x_wconf 85' lang='lat' dir='ltr'>praetextu</span> <span class='ocrx_word' id='word_1_122' title='bbox 1038 1989 1101 2045; x_wconf 90' lang='lat' dir='ltr'>nul·</span> 
     </span>
     <span class='ocr_line' id='line_1_16' title="bbox 62 2091 1103 2170; baseline -0.001 -19"><span class='ocrx_word' id='word_1_123' title='bbox 62 2115 82 2151; x_wconf 83' lang='lat' dir='ltr'>rs</span> <span class='ocrx_word' id='word_1_124' title='bbox 104 2093 255 2152; x_wconf 81' lang='lat' dir='ltr'>momenti.</span> <span class='ocrx_word' id='word_1_125' title='bbox 276 2128 315 2136; x_wconf 85' lang='lat'>-</span> <span class='ocrx_word' id='word_1_126' title='bbox 338 2094 437 2153; x_wconf 87' lang='lat' dir='ltr'>Verba</span> <span class='ocrx_word' id='word_1_127' title='bbox 457 2092 522 2168; x_wconf 90' lang='lat' dir='ltr'>ipsa</span> <span class='ocrx_word' id='word_1_128' title='bbox 546 2092 701 2150; x_wconf 90' lang='lat' dir='ltr'>Kammeri</span> <span class='ocrx_word' id='word_1_129' title='bbox 722 2091 873 2151; x_wconf 83' lang='lat' dir='ltr'>attulimus</span> <span class='ocrx_word' id='word_1_130' title='bbox 896 2106 928 2152; x_wconf 93' lang='lat' dir='ltr'>ut</span> <span class='ocrx_word' id='word_1_131' title='bbox 949 2106 1103 2170; x_wconf 86' lang='lat' dir='ltr'>appareret</span> 
     </span>
     <span class='ocr_line' id='line_1_17' title="bbox 62 2198 1104 2276; baseline 0.001 -19"><span class='ocrx_word' id='word_1_132' title='bbox 62 2221 115 2258; x_wconf 79' lang='lat' dir='ltr'>ram</span> <span class='ocrx_word' id='word_1_133' title='bbox 142 2198 265 2276; x_wconf 90' lang='lat' dir='ltr'>pusillae</span> <span class='ocrx_word' id='word_1_134' title='bbox 292 2199 442 2258; x_wconf 90' lang='lat' dir='ltr'>interdum</span> <span class='ocrx_word' id='word_1_135' title='bbox 463 2200 593 2258; x_wconf 86' lang='lat' dir='ltr'>rationes</span> <span class='ocrx_word' id='word_1_136' title='bbox 614 2199 680 2273; x_wconf 91' lang='lat' dir='ltr'>sint,</span> <span class='ocrx_word' id='word_1_137' title='bbox 702 2199 809 2275; x_wconf 92' lang='lat' dir='ltr'>quibus</span> <span class='ocrx_word' id='word_1_138' title='bbox 830 2211 982 2275; x_wconf 88' lang='lat' dir='ltr'>permotos</span> <span class='ocrx_word' id='word_1_139' title='bbox 1005 2217 1104 2258; x_wconf 89' lang='lat' dir='ltr'>versus</span> 
     </span>
     <span class='ocr_line' id='line_1_18' title="bbox 62 2307 1103 2381; baseline 0.001 -17"><span class='ocrx_word' id='word_1_140' title='bbox 62 2308 101 2381; x_wconf 73' lang='lat' dir='ltr'>tit,</span> <span class='ocrx_word' id='word_1_141' title='bbox 124 2320 156 2366; x_wconf 91' lang='lat' dir='ltr'>ut</span> <span class='ocrx_word' id='word_1_142' title='bbox 177 2310 205 2371; x_wconf 85' lang='lat' dir='ltr'>h.</span> <span class='ocrx_word' id='word_1_143' title='bbox 230 2309 249 2366; x_wconf 92' lang='lat' dir='ltr'>l.</span> <span class='ocrx_word' id='word_1_144' title='bbox 271 2310 299 2364; x_wconf 95' lang='lat' dir='ltr'>V</span> <span class='ocrx_word' id='word_1_145' title='bbox 321 2307 453 2366; x_wconf 90' lang='lat' dir='ltr'>versibus</span> <span class='ocrx_word' id='word_1_146' title='bbox 474 2307 621 2366; x_wconf 87' lang='lat' dir='ltr'>damnatis</span> <span class='ocrx_word' id='word_1_147' title='bbox 643 2317 759 2365; x_wconf 91' lang='lat' dir='ltr'>truncat</span> <span class='ocrx_word' id='word_1_148' title='bbox 780 2307 946 2365; x_wconf 90' lang='lat' dir='ltr'>orationem</span> <span class='ocrx_word' id='word_1_149' title='bbox 969 2307 1103 2380; x_wconf 66' lang='lat' dir='ltr'>Antinoi,</span> 
     </span>
     <span class='ocr_line' id='line_1_19' title="bbox 62 2414 1104 2491; baseline -0.002 -19"><span class='ocrx_word' id='word_1_150' title='bbox 62 2436 78 2472; x_wconf 92' lang='lat' dir='ltr'>c</span> <span class='ocrx_word' id='word_1_151' title='bbox 113 2416 206 2473; x_wconf 90' lang='lat' dir='ltr'>docet</span> <span class='ocrx_word' id='word_1_152' title='bbox 238 2435 292 2473; x_wconf 92' lang='lat' dir='ltr'>cur</span> <span class='ocrx_word' id='word_1_153' title='bbox 323 2414 389 2491; x_wconf 92' lang='lat' dir='ltr'>quis</span> <span class='ocrx_word' id='word_1_154' title='bbox 420 2415 487 2474; x_wconf 92' lang='lat' dir='ltr'>illos</span> <span class='ocrx_word' id='word_1_155' title='bbox 512 2432 612 2474; x_wconf 88' lang='lat' dir='ltr'>versus</span> <span class='ocrx_word' id='word_1_156' title='bbox 633 2414 790 2473; x_wconf 89' lang='lat' dir='ltr'>addiderit.</span> <span class='ocrx_word' id='word_1_157' title='bbox 834 2417 932 2474; x_wconf 82' lang='lat' dir='ltr'>Nen&#39;ro</span> <span class='ocrx_word' id='word_1_158' title='bbox 953 2414 1104 2491; x_wconf 87' lang='lat' dir='ltr'>negaverit</span> 
     </span>
     <span class='ocr_line' id='line_1_20' title="bbox 62 2521 1103 2599; baseline 0 -19"><span class='ocrx_word' id='word_1_159' title='bbox 62 2543 96 2580; x_wconf 91' lang='lat' dir='ltr'>nc</span> <span class='ocrx_word' id='word_1_160' title='bbox 129 2521 288 2580; x_wconf 89' lang='lat' dir='ltr'>Kammeri</span> <span class='ocrx_word' id='word_1_161' title='bbox 321 2522 610 2599; x_wconf 87' lang='lat' dir='ltr'>argumentationem</span> <span class='ocrx_word' id='word_1_162' title='bbox 644 2523 725 2579; x_wconf 86' lang='lat' dir='ltr'>haud</span> <span class='ocrx_word' id='word_1_163' title='bbox 756 2522 833 2598; x_wconf 90' lang='lat' dir='ltr'>paris</span> <span class='ocrx_word' id='word_1_164' title='bbox 867 2521 1009 2581; x_wconf 85' lang='lat' dir='ltr'>momenti</span> <span class='ocrx_word' id='word_1_165' title='bbox 1039 2539 1103 2581; x_wconf 89' lang='lat' dir='ltr'>esse</span> 
     </span>
     <span class='ocr_line' id='line_1_21' title="bbox 62 2629 1103 2706; baseline 0.002 -20"><span class='ocrx_word' id='word_1_166' title='bbox 62 2648 104 2702; x_wconf 86' lang='lat' dir='ltr'>ue</span> <span class='ocrx_word' id='word_1_167' title='bbox 133 2649 180 2705; x_wconf 72' lang='lat' dir='ltr'>ea,</span> <span class='ocrx_word' id='word_1_168' title='bbox 210 2647 288 2704; x_wconf 91' lang='lat' dir='ltr'>quae</span> <span class='ocrx_word' id='word_1_169' title='bbox 310 2629 347 2686; x_wconf 88' lang='lat' dir='ltr'>de</span> <span class='ocrx_word' id='word_1_170' title='bbox 371 2629 505 2704; x_wconf 92' lang='lat' dir='ltr'>plurimis</span> <span class='ocrx_word' id='word_1_171' title='bbox 529 2629 660 2704; x_wconf 91' lang='lat' dir='ltr'>partibus</span> <span class='ocrx_word' id='word_1_172' title='bbox 685 2629 804 2705; x_wconf 89' lang='lat' dir='ltr'>protulit</span> <span class='ocrx_word' id='word_1_173' title='bbox 828 2629 992 2706; x_wconf 67' lang='lat' dir='ltr'>Kirchlroffi</span> <span class='ocrx_word' id='word_1_174' title='bbox 1014 2648 1103 2705; x_wconf 90' lang='lat' dir='ltr'>quern</span> 
     </span>
     <span class='ocr_line' id='line_1_22' title="bbox 62 2735 1104 2812; baseline 0.003 -18"><span class='ocrx_word' id='word_1_175' title='bbox 62 2736 282 2794; x_wconf 79' lang='lat' dir='ltr'>rementissime</span> <span class='ocrx_word' id='word_1_176' title='bbox 313 2755 430 2810; x_wconf 86' lang='lat' dir='ltr'>semper</span> <span class='ocrx_word' id='word_1_177' title='bbox 462 2735 625 2812; x_wconf 86' lang='lat' dir='ltr'>impugnat.</span> <span class='ocrx_word' id='word_1_178' title='bbox 669 2737 734 2794; x_wconf 92' lang='lat' dir='ltr'>Nec</span> <span class='ocrx_word' id='word_1_179' title='bbox 766 2755 887 2795; x_wconf 91' lang='lat' dir='ltr'>neeesse</span> <span class='ocrx_word' id='word_1_180' title='bbox 922 2736 1036 2794; x_wconf 90' lang='lat' dir='ltr'>videtur</span> <span class='ocrx_word' id='word_1_181' title='bbox 1065 2737 1104 2798; x_wconf 90' lang='lat' dir='ltr'>de</span> 
     </span>
     <span class='ocr_line' id='line_1_23' title="bbox 62 2841 1106 2920; baseline 0.001 -19"><span class='ocrx_word' id='word_1_182' title='bbox 62 2843 150 2902; x_wconf 90' lang='lat' dir='ltr'>ribus</span> <span class='ocrx_word' id='word_1_183' title='bbox 195 2841 458 2901; x_wconf 86' lang='lat' dir='ltr'>observationibus</span> <span class='ocrx_word' id='word_1_184' title='bbox 489 2841 551 2900; x_wconf 92' lang='lat' dir='ltr'>eius</span> <span class='ocrx_word' id='word_1_185' title='bbox 583 2861 670 2919; x_wconf 84' lang='lat' dir='ltr'>agere</span> <span class='ocrx_word' id='word_1_186' title='bbox 701 2853 733 2901; x_wconf 92' lang='lat' dir='ltr'>ut</span> <span class='ocrx_word' id='word_1_187' title='bbox 761 2856 901 2920; x_wconf 89' lang='lat' dir='ltr'>appareat</span> <span class='ocrx_word' id='word_1_188' title='bbox 933 2843 995 2903; x_wconf 89' lang='lat' dir='ltr'>eius</span> <span class='ocrx_word' id='word_1_189' title='bbox 1031 2863 1106 2920; x_wconf 92' lang='lat' dir='ltr'>opus</span> 
     </span>
     <span class='ocr_line' id='line_1_24' title="bbox 62 2949 1107 3026; baseline 0.004 -19"><span class='ocrx_word' id='word_1_190' title='bbox 62 2973 67 3007; x_wconf 89' lang='grc' dir='ltr'>ι</span> <span class='ocrx_word' id='word_1_191' title='bbox 103 2949 298 3026; x_wconf 89' lang='lat' dir='ltr'>praestitisse</span> <span class='ocrx_word' id='word_1_192' title='bbox 327 2950 410 3026; x_wconf 88' lang='lat' dir='ltr'>quod</span> <span class='ocrx_word' id='word_1_193' title='bbox 432 2949 462 3008; x_wconf 89' lang='lat' dir='ltr'>in</span> <span class='ocrx_word' id='word_1_194' title='bbox 485 2949 571 3009; x_wconf 91' lang='lat' dir='ltr'>titulo</span> <span class='ocrx_word' id='word_1_195' title='bbox 593 2950 794 3025; x_wconf 66' lang='lat' dir='ltr'>praedicatum</span> <span class='ocrx_word' id='word_1_196' title='bbox 816 2971 872 3009; x_wconf 92' lang='lat' dir='ltr'>nec</span> <span class='ocrx_word' id='word_1_197' title='bbox 895 2951 975 3010; x_wconf 88' lang='lat' dir='ltr'>enirn</span> <span class='ocrx_word' id='word_1_198' title='bbox 997 2952 1107 3011; x_wconf 90' lang='lat' dir='ltr'>Kirch-</span> 
     </span>
     <span class='ocr_line' id='line_1_25' title="bbox 62 3056 1117 3135; baseline 0.005 -20"><span class='ocrx_word' id='word_1_199' title='bbox 62 3060 133 3115; x_wconf 91' lang='lat' dir='ltr'>ium</span> <span class='ocrx_word' id='word_1_200' title='bbox 158 3057 320 3133; x_wconf 85' lang='lat' dir='ltr'>redarguit</span> <span class='ocrx_word' id='word_1_201' title='bbox 341 3068 369 3116; x_wconf 89' lang='lat' dir='ltr'>et</span> <span class='ocrx_word' id='word_1_202' title='bbox 390 3056 482 3132; x_wconf 90' lang='lat' dir='ltr'>ipsius</span> <span class='ocrx_word' id='word_1_203' title='bbox 504 3058 542 3115; x_wconf 91' lang='lat' dir='ltr'>de</span> <span class='ocrx_word' id='word_1_204' title='bbox 558 3057 728 3117; x_wconf 89' lang='lat' dir='ltr'>Homericis</span> <span class='ocrx_word' id='word_1_205' title='bbox 743 3059 923 3118; x_wconf 89' lang='lat' dir='ltr'>carminibus</span> <span class='ocrx_word' id='word_1_206' title='bbox 940 3060 1117 3135; x_wconf 78' lang='lat' dir='ltr'>persuasio-&#39;</span> 
     </span>
     <span class='ocr_line' id='line_1_26' title="bbox 62 3162 1107 3239; baseline 0.002 -18"><span class='ocrx_word' id='word_1_207' title='bbox 62 3185 68 3221; x_wconf 84' lang='grc' dir='ltr'>ι</span> <span class='ocrx_word' id='word_1_208' title='bbox 106 3185 185 3222; x_wconf 89' lang='lat' dir='ltr'>cum</span> <span class='ocrx_word' id='word_1_209' title='bbox 223 3183 334 3222; x_wconf 89' lang='lat' dir='ltr'>vanam</span> <span class='ocrx_word' id='word_1_210' title='bbox 367 3183 420 3239; x_wconf 88' lang='lat' dir='ltr'>per</span> <span class='ocrx_word' id='word_1_211' title='bbox 452 3182 483 3222; x_wconf 91' lang='lat' dir='ltr'>se</span> <span class='ocrx_word' id='word_1_212' title='bbox 511 3181 574 3221; x_wconf 87' lang='lat' dir='ltr'>esse</span> <span class='ocrx_word' id='word_1_213' title='bbox 596 3162 751 3222; x_wconf 92' lang='lat' dir='ltr'>docuimus</span> <span class='ocrx_word' id='word_1_214' title='bbox 774 3176 835 3223; x_wconf 91' lang='lat' dir='ltr'>tum</span> <span class='ocrx_word' id='word_1_215' title='bbox 857 3164 997 3223; x_wconf 89' lang='lat' dir='ltr'>invalidis</span> <span class='ocrx_word' id='word_1_216' title='bbox 1019 3165 1107 3224; x_wconf 85' lang='lat' dir='ltr'>armis</span> 
     </span>
     <span class='ocr_line' id='line_1_27' title="bbox 62 3268 1108 3348; baseline 0.002 -20"><span class='ocrx_word' id='word_1_217' title='bbox 62 3291 181 3345; x_wconf 83' lang='lat' dir='ltr'>msam,</span> <span class='ocrx_word' id='word_1_218' title='bbox 217 3271 372 3330; x_wconf 88' lang='lat' dir='ltr'>interdum</span> <span class='ocrx_word' id='word_1_219' title='bbox 401 3289 470 3328; x_wconf 90' lang='lat' dir='ltr'>vero</span> <span class='ocrx_word' id='word_1_220' title='bbox 493 3268 581 3327; x_wconf 88' lang='lat' dir='ltr'>etiam</span> <span class='ocrx_word' id='word_1_221' title='bbox 606 3270 644 3328; x_wconf 89' lang='lat' dir='ltr'>ab</span> <span class='ocrx_word' id='word_1_222' title='bbox 666 3269 731 3345; x_wconf 90' lang='lat' dir='ltr'>ipso</span> <span class='ocrx_word' id='word_1_223' title='bbox 752 3282 872 3329; x_wconf 89' lang='lat' dir='ltr'>auctore</span> <span class='ocrx_word' id='word_1_224' title='bbox 894 3270 1108 3348; x_wconf 86' lang='lat' dir='ltr'>impugnatam.</span> 
     </span>
     <span class='ocr_line' id='line_1_28' title="bbox 62 3376 1108 3447; baseline 0.002 -11"><span class='ocrx_word' id='word_1_225' title='bbox 62 3389 118 3436; x_wconf 88' lang='lat' dir='ltr'>ost</span> <span class='ocrx_word' id='word_1_226' title='bbox 156 3379 251 3436; x_wconf 91' lang='lat' dir='ltr'>hunc</span> <span class='ocrx_word' id='word_1_227' title='bbox 284 3377 412 3437; x_wconf 85' lang='lat' dir='ltr'>breviter</span> <span class='ocrx_word' id='word_1_228' title='bbox 444 3376 532 3435; x_wconf 93' lang='lat' dir='ltr'>nobis</span> <span class='ocrx_word' id='word_1_229' title='bbox 564 3376 774 3435; x_wconf 89' lang='lat' dir='ltr'>memorandus</span> <span class='ocrx_word' id='word_1_230' title='bbox 807 3389 850 3436; x_wconf 88' lang='lat' dir='ltr'>est</span> <span class='ocrx_word' id='word_1_231' title='bbox 876 3380 1001 3437; x_wconf 83' lang='lat' dir='ltr'>Carolus</span> <span class='ocrx_word' id='word_1_232' title='bbox 1025 3380 1108 3447; x_wconf 81' lang='lat' dir='ltr'>Sitll,</span> 
     </span>
     <span class='ocr_line' id='line_1_29' title="bbox 62 3482 1108 3562; baseline 0.004 -22"><span class='ocrx_word' id='word_1_233' title='bbox 62 3505 89 3540; x_wconf 84' lang='lat' dir='ltr'>n</span> <span class='ocrx_word' id='word_1_234' title='bbox 129 3483 235 3542; x_wconf 89' lang='lat' dir='ltr'>variis</span> <span class='ocrx_word' id='word_1_235' title='bbox 271 3482 327 3540; x_wconf 89' lang='lat' dir='ltr'>iam</span> <span class='ocrx_word' id='word_1_236' title='bbox 361 3482 434 3541; x_wconf 89' lang='lat' dir='ltr'>locis</span> <span class='ocrx_word' id='word_1_237' title='bbox 466 3483 658 3541; x_wconf 88' lang='lat' dir='ltr'>adhibuimus</span> <span class='ocrx_word' id='word_1_238' title='bbox 680 3488 741 3560; x_wconf 86' lang='lat' dir='ltr'>(pp.</span> <span class='ocrx_word' id='word_1_239' title='bbox 763 3505 800 3560; x_wconf 85' lang='lat'>43</span> <span class='ocrx_word' id='word_1_240' title='bbox 823 3503 899 3561; x_wconf 85' lang='lat' dir='ltr'>sqq,</span> <span class='ocrx_word' id='word_1_241' title='bbox 923 3503 959 3562; x_wconf 85' lang='lat'>59</span> <span class='ocrx_word' id='word_1_242' title='bbox 984 3505 1039 3560; x_wconf 64' lang='lat' dir='ltr'>sq,</span> <span class='ocrx_word' id='word_1_243' title='bbox 1061 3490 1108 3562; x_wconf 81' lang='lat'>63,</span> 
     </span>
    </p>

    <p class='ocr_par' dir='ltr' id='par_1_7' title="bbox 104 3587 1110 3669">
     <span class='ocr_line' id='line_1_30' title="bbox 104 3587 1110 3669; baseline 0.004 -21"><span class='ocrx_word' id='word_1_244' title='bbox 104 3593 148 3648; x_wconf 88' lang='lat' dir='ltr'>In</span> <span class='ocrx_word' id='word_1_245' title='bbox 178 3591 281 3667; x_wconf 78' lang='lat' dir='ltr'>libro,</span> <span class='ocrx_word' id='word_1_246' title='bbox 302 3590 354 3666; x_wconf 92' lang='lat' dir='ltr'>qui</span> <span class='ocrx_word' id='word_1_247' title='bbox 374 3587 561 3648; x_wconf 87' lang='lat' dir='ltr'>inscribitur:</span> <span class='ocrx_word' id='word_1_248' title='bbox 584 3589 874 3668; x_wconf 84' lang='lat' dir='ltr'>„Wiederholungen</span> <span class='ocrx_word' id='word_1_249' title='bbox 895 3592 926 3650; x_wconf 91' lang='lat' dir='ltr'>in</span> <span class='ocrx_word' id='word_1_250' title='bbox 942 3594 995 3652; x_wconf 91' lang='lat' dir='ltr'>der</span> <span class='ocrx_word' id='word_1_251' title='bbox 1009 3591 1110 3669; x_wconf 90' lang='lat' dir='ltr'>Odys·</span> 
     </span>
    </p>

    <p class='ocr_par' dir='ltr' id='par_1_8' title="bbox 62 3695 1112 4314">
     <span class='ocr_line' id='line_1_31' title="bbox 96 3695 1110 3776; baseline 0.004 -21"><span class='ocrx_word' id='word_1_252' title='bbox 96 3701 111 3772; x_wconf 85' lang='lat'>(</span> <span class='ocrx_word' id='word_1_253' title='bbox 117 3696 243 3776; x_wconf 85' lang='lat'>1882),</span> <span class='ocrx_word' id='word_1_254' title='bbox 280 3716 341 3756; x_wconf 92' lang='lat' dir='ltr'>non</span> <span class='ocrx_word' id='word_1_255' title='bbox 368 3717 476 3774; x_wconf 86' lang='lat' dir='ltr'>magna</span> <span class='ocrx_word' id='word_1_256' title='bbox 503 3695 654 3772; x_wconf 85' lang='lat' dir='ltr'>diligentia</span> <span class='ocrx_word' id='word_1_257' title='bbox 676 3697 795 3773; x_wconf 90' lang='lat' dir='ltr'>scripto,</span> <span class='ocrx_word' id='word_1_258' title='bbox 817 3709 975 3774; x_wconf 90' lang='lat' dir='ltr'>postquam</span> <span class='ocrx_word' id='word_1_259' title='bbox 998 3701 1036 3758; x_wconf 93' lang='lat' dir='ltr'>de</span> <span class='ocrx_word' id='word_1_260' title='bbox 1057 3719 1110 3759; x_wconf 90' lang='lat' dir='ltr'>ne-</span> 
     </span>
     <span class='ocr_line' id='line_1_32' title="bbox 66 3803 1111 3884; baseline 0.004 -22"><span class='ocrx_word' id='word_1_261' title='bbox 66 3805 199 3862; x_wconf 91' lang='lat' dir='ltr'>tudine</span> <span class='ocrx_word' id='word_1_262' title='bbox 239 3823 320 3879; x_wconf 87' lang='lat' dir='ltr'>quae</span> <span class='ocrx_word' id='word_1_263' title='bbox 353 3814 397 3863; x_wconf 89' lang='lat' dir='ltr'>est</span> <span class='ocrx_word' id='word_1_264' title='bbox 423 3804 499 3862; x_wconf 90' lang='lat' dir='ltr'>inter</span> <span class='ocrx_word' id='word_1_265' title='bbox 520 3803 645 3861; x_wconf 89' lang='lat' dir='ltr'>Iliadem</span> <span class='ocrx_word' id='word_1_266' title='bbox 667 3816 696 3863; x_wconf 92' lang='lat' dir='ltr'>et</span> <span class='ocrx_word' id='word_1_267' title='bbox 721 3807 884 3882; x_wconf 86' lang='lat' dir='ltr'>Odysseam</span> <span class='ocrx_word' id='word_1_268' title='bbox 906 3807 974 3884; x_wconf 86' lang='lat' dir='ltr'>egit,</span> <span class='ocrx_word' id='word_1_269' title='bbox 999 3806 1072 3866; x_wconf 90' lang='lat' dir='ltr'>inde</span> <span class='ocrx_word' id='word_1_270' title='bbox 1093 3828 1111 3866; x_wconf 91' lang='lat' dir='ltr'>a</span> 
     </span>
     <span class='ocr_line' id='line_1_33' title="bbox 62 3909 1111 3990; baseline 0.004 -20"><span class='ocrx_word' id='word_1_271' title='bbox 62 3930 76 3988; x_wconf 80' lang='lat'>3</span> <span class='ocrx_word' id='word_1_272' title='bbox 108 3930 238 3970; x_wconf 90' lang='lat' dir='ltr'>versus</span> <span class='ocrx_word' id='word_1_273' title='bbox 263 3922 415 3969; x_wconf 90' lang='lat' dir='ltr'>enumerat</span> <span class='ocrx_word' id='word_1_274' title='bbox 434 3929 509 3986; x_wconf 91' lang='lat' dir='ltr'>quos</span> <span class='ocrx_word' id='word_1_275' title='bbox 531 3909 628 3969; x_wconf 88' lang='lat' dir='ltr'>variae</span> <span class='ocrx_word' id='word_1_276' title='bbox 652 3913 802 3988; x_wconf 88' lang='lat' dir='ltr'>Odysseae</span> <span class='ocrx_word' id='word_1_277' title='bbox 824 3925 920 3990; x_wconf 87' lang='lat' dir='ltr'>partes</span> <span class='ocrx_word' id='word_1_278' title='bbox 936 3933 1111 3974; x_wconf 88' lang='lat' dir='ltr'>communes</span> 
     </span>
     <span class='ocr_line' id='line_1_34' title="bbox 62 4018 1111 4098; baseline 0.002 -20"><span class='ocrx_word' id='word_1_279' title='bbox 62 4035 116 4098; x_wconf 75' lang='lat' dir='ltr'>nt,</span> <span class='ocrx_word' id='word_1_280' title='bbox 162 4033 218 4096; x_wconf 90' lang='lat' dir='ltr'>ut,</span> <span class='ocrx_word' id='word_1_281' title='bbox 257 4040 320 4098; x_wconf 89' lang='lat' dir='ltr'>quo</span> <span class='ocrx_word' id='word_1_282' title='bbox 352 4023 422 4080; x_wconf 92' lang='lat' dir='ltr'>loco</span> <span class='ocrx_word' id='word_1_283' title='bbox 454 4020 511 4079; x_wconf 91' lang='lat' dir='ltr'>sint</span> <span class='ocrx_word' id='word_1_284' title='bbox 542 4018 672 4095; x_wconf 87' lang='lat' dir='ltr'>primarii</span> <span class='ocrx_word' id='word_1_285' title='bbox 705 4038 764 4094; x_wconf 91' lang='lat' dir='ltr'>quo</span> <span class='ocrx_word' id='word_1_286' title='bbox 785 4019 953 4080; x_wconf 90' lang='lat' dir='ltr'>imitatione</span> <span class='ocrx_word' id='word_1_287' title='bbox 975 4021 1111 4097; x_wconf 88' lang='lat' dir='ltr'>expressi,</span> 
     </span>
     <span class='ocr_line' id='line_1_35' title="bbox 62 4126 1112 4206; baseline 0.002 -21"><span class='ocrx_word' id='word_1_288' title='bbox 62 4142 177 4206; x_wconf 72' lang='lat' dir='ltr'>tecto7</span> <span class='ocrx_word' id='word_1_289' title='bbox 230 4130 328 4189; x_wconf 87' lang='lat' dir='ltr'>series</span> <span class='ocrx_word' id='word_1_290' title='bbox 364 4130 512 4206; x_wconf 87' lang='lat' dir='ltr'>quaedam</span> <span class='ocrx_word' id='word_1_291' title='bbox 551 4126 764 4203; x_wconf 88' lang='lat' dir='ltr'>chronologica</span> <span class='ocrx_word' id='word_1_292' title='bbox 798 4128 926 4204; x_wconf 91' lang='lat' dir='ltr'>partium</span> <span class='ocrx_word' id='word_1_293' title='bbox 958 4129 1112 4204; x_wconf 85' lang='lat' dir='ltr'>Odysseae</span> 
     </span>
     <span class='ocr_line' id='line_1_36' title="bbox 66 4234 1111 4314; baseline -0.002 -18"><span class='ocrx_word' id='word_1_294' title='bbox 66 4237 139 4296; x_wconf 91' lang='lat' dir='ltr'>itui</span> <span class='ocrx_word' id='word_1_295' title='bbox 185 4238 298 4314; x_wconf 90' lang='lat' dir='ltr'>possit</span> <span class='ocrx_word' id='word_1_296' title='bbox 360 4237 420 4311; x_wconf 92' lang='lat' dir='ltr'>Qui</span> <span class='ocrx_word' id='word_1_297' title='bbox 454 4257 520 4296; x_wconf 91' lang='lat' dir='ltr'>curn</span> <span class='ocrx_word' id='word_1_298' title='bbox 554 4235 774 4294; x_wconf 87' lang='lat' dir='ltr'>Kirchhoffium</span> <span class='ocrx_word' id='word_1_299' title='bbox 808 4234 970 4313; x_wconf 85' lang='lat' dir='ltr'>impugnat,</span> <span class='ocrx_word' id='word_1_300' title='bbox 1005 4237 1111 4294; x_wconf 90' lang='lat' dir='ltr'>mirum</span> 
     </span>
    </p>
   </div>
   <div class='ocr_carea' id='block_1_5' title="bbox 971 4345 989 4406">
    <p class='ocr_par' dir='ltr' id='par_1_9' title="bbox 971 4345 989 4406">
     <span class='ocr_line' id='line_1_37' title="bbox 971 4345 989 4406; baseline 0 0"><span class='ocrx_word' id='word_1_301' title='bbox 971 4345 989 4406; x_wconf 82' lang='lat'>6</span> 
     </span>
    </p>
   </div>
   <div class='ocr_carea' id='block_1_6' title="bbox 0 0 1457 4880">
    <p class='ocr_par' dir='ltr' id='par_1_10' title="bbox 0 0 1457 4880">
     <span class='ocr_line' id='line_1_38' title="bbox 0 0 1457 4880; baseline 0 0"><span class='ocrx_word' id='word_1_302' title='bbox 0 0 1457 4880; x_wconf 95' lang='lat' dir='ltr'> </span> 
     </span>
    </p>
   </div>
  </div>
 </body>
</html>
