2804 5518
743 349 800 410 118
887 409 890 414 ,

220 531 251 591 in
283 529 415 589 versibus
436 527 539 588 tertiae
561 548 704 605 personae
726 538 894 598 occurrunt,
917 547 985 588 cum
1007 528 1036 588 in
1059 530 1284 608 praecedentibus

221 649 251 698 et
282 635 474 715 sequentibus
506 635 619 712 primae
651 655 796 712 personae
827 645 902 695 sunt.
946 637 1004 696 Sed
1032 649 1064 696 ut
1087 636 1217 712 diximus,
1235 638 1285 696 hoc

221 752 337 807 tanturn
370 746 478 822 probat
512 742 607 803 minus
638 753 705 820 apte
740 763 906 821 expressam
940 763 1003 803 esse
1035 745 1228 804 narrationem
1253 743 1285 802 de

222 851 398 929 Ciconibus,
425 869 501 926 quae
530 851 639 908 multos
660 869 769 918 versus,
798 849 855 910 illis
879 870 940 910 non
962 851 1096 928 exceptis
1117 855 1166 925 (cf.
1184 857 1211 908 Σ
1227 854 1286 929 553)

224 957 594 1034 aliundepetitoshabetp
615 979 652 1029 42
666 962 816 1035 exA705
837 979 847 1005 ι
869 975 903 1034 51
923 959 1287 1038 :346805szott

224 1070 252 1118 A
282 1069 321 1139 84
356 1066 413 1143 158
436 1086 474 1120 =
495 1070 524 1118 A
548 1065 741 1141 8611779);
770 1063 844 1140 nihil
866 1074 964 1124 autern
987 1066 1105 1142 probat,
1127 1063 1288 1142 Cyclopiam

223 1190 343 1249 quoque
365 1171 499 1231 similiter
520 1190 555 1229 ac
576 1170 668 1231 libros
693 1196 754 1240 κ,μ
777 1170 962 1230 immutatam
985 1191 1058 1232 esse.

265 1279 325 1339 Sed
353 1278 384 1338 in
412 1277 456 1352 iis,
479 1297 557 1355 quae
579 1278 763 1337 antecedunt
785 1277 893 1338 librum
911 1307 933 1353 r,
955 1278 1080 1338 duarum
1102 1278 1289 1338 narrationum

224 1386 452 1448 coniunctarum
469 1384 623 1462 vestigium
640 1385 769 1461 reperire
785 1385 842 1444 sibi
857 1385 935 1444 risus
951 1395 993 1444 est
1004 1387 1097 1445 Seeck
1108 1385 1139 1444 in
1153 1405 1199 1461 eo,
1218 1382 1291 1460 quod

223 1494 270 1555 bis
303 1492 408 1555 Ulixes
442 1492 572 1551 carmine
598 1493 672 1551 vatis
693 1492 866 1552 Demodoci
891 1493 928 1550 ad
950 1492 1087 1552 lacrimas
1109 1503 1291 1570 permovetur.

225 1604 330 1679 Itaque
346 1617 414 1659 cum
431 1609 525 1658 totum
541 1598 648 1658 librum
667 1608 690 1654 θ
710 1599 749 1658 ad
764 1599 987 1659 Telemachiam
1004 1601 1099 1677 refert,
1120 1599 1247 1678 priorem
1260 1597 1292 1656 de

225 1709 313 1769 Ulixe
328 1706 496 1766 lacrimanti
510 1707 712 1766 narrationem
726 1726 763 1765 ex
774 1709 811 1764 Ba
822 1716 969 1783 sumptam
981 1725 1044 1766 esse
1056 1707 1135 1776 dicit,
1154 1709 1233 1767 nulla
1243 1705 1293 1764 alia

225 1835 257 1874 re
280 1816 359 1890 fisuS,
382 1812 438 1872 nisi
461 1813 544 1889 quod
566 1813 660 1872 maius
681 1812 836 1872 artificium
858 1813 945 1872 huius
963 1813 1140 1874 narrationis
1154 1813 1293 1892 proprium

226 1941 289 1980 esse
312 1931 413 1980 censet
435 1919 558 1978 carmini
581 1923 628 1998 Bt,
648 1919 687 1979 ad
702 1920 786 1997 quod
802 1920 892 1980 etiam
907 1921 1105 1981 narrationem
1121 1923 1159 1982 de
1174 1923 1293 2000 Calypso

227 2029 333 2088 eodem
367 2047 436 2086 usus
467 2037 644 2103 argumento
675 2027 771 2086 refert.
815 2028 901 2103 Quae
924 2027 1071 2086 sententia
1092 2039 1155 2087 tota
1175 2028 1295 2104 pendere

226 2135 298 2195 mihi
313 2135 429 2194 videtur
443 2156 460 2192 a
475 2136 548 2194 falsa
561 2134 625 2194 eius
640 2134 782 2213 opinione
799 2134 836 2194 de
849 2134 998 2195 deficienti
1009 2135 1221 2195 Telemachiae
1232 2145 1294 2193 arte.

264 2242 348 2302 Idem
379 2241 504 2301 adduxit
536 2242 693 2301 Seeckium
722 2253 754 2300 ut
783 2243 891 2302 librum
916 2242 985 2302 aad
1008 2243 1055 2319 Ba,
1080 2269 1094 2299 κ
1115 2270 1135 2312 μ
1157 2243 1196 2304 ad
1216 2245 1294 2302 Tele·

224 2349 372 2409 machiam
404 2350 533 2421 referret,
564 2348 606 2408 ita
639 2360 738 2415 tamen
769 2360 799 2406 ut
829 2349 877 2406 hic
899 2349 960 2423 illic
982 2349 1139 2426 particulas
1161 2351 1296 2428 quasdam

225 2457 344 2517 alterius
375 2456 550 2515 narrationis
582 2456 666 2516 alteri
697 2456 824 2515 innexas
856 2455 984 2530 diceret;
1015 2459 1094 2516 velut
1125 2457 1155 2516 in
1185 2456 1258 2515 libro
1283 2477 1295 2507 κ

225 2563 432 2642 genealogiam
455 2563 558 2623 Circes
579 2566 608 2640 (a
633 2567 804 2642 137-139)
827 2583 863 2622 ex
884 2563 922 2620 B·
943 2563 1065 2642 illatam,
1090 2563 1161 2641 quia
1184 2563 1245 2622 aliis
1267 2581 1299 2620 er

224 2669 299 2729 locis
321 2680 462 2746 appareat
483 2668 545 2729 eius
567 2669 706 2729 carminis
724 2682 844 2747 poetam
861 2670 990 2748 gaudere
1005 2671 1197 2750 genealogiis.
1218 2671 1298 2728 Haec

179 2763 184 2774 l
225 2777 371 2836 sententia
394 2796 456 2835 non
478 2778 569 2853 longe
591 2776 679 2836 distat
700 2797 718 2836 a
738 2776 852 2836 ratione
875 2779 1040 2850 Kammeri‚
1066 2796 1125 2853 qua
1148 2778 1300 2853 interpola·

225 2883 340 2943 tionum
355 2901 480 2943 numero
496 2885 570 2943 tales
584 2883 642 2943 loci
656 2885 802 2943 habentur
817 2895 846 2944 et
858 2885 1014 2962 rhapsodis
1026 2885 1194 2946 tribuuntur
1201 2906 1210 2960 ;
1224 2883 1299 2961 quod

226 2989 388 3067 simplicius
421 3000 501 3049 certe
532 2999 575 3050 est
607 3009 697 3066 quarn
731 2990 812 3050 aliud
845 3009 966 3052 carmen
990 3013 1133 3070 quaerere
1155 3003 1299 3071 tamquam

225 3100 339 3157 fontem
378 3097 459 3157 unde
492 3097 551 3158 loci
582 3109 642 3157 tarn
673 3099 756 3174 parvi
788 3099 958 3175 praesertim
991 3100 1138 3159 momenti
1165 3097 1299 3158 fluxerint.

225 3203 348 3264 Prorsus
376 3204 457 3263 idem
480 3204 643 3264 dicendum
667 3217 769 3265 contra
790 3206 907 3266 Seeckii
930 3207 968 3265 de
988 3205 1065 3266 libro
1086 3215 1101 3264 t
1121 3206 1300 3268 sententiam.

227 3311 325 3385 Quem
354 3330 422 3369 cum
451 3321 568 3371 secutus
591 3311 849 3372 Wilamowitzium
872 3313 1158 3384 dividendumesse
1183 3312 1301 3374 dicitin

227 3418 301 3476 duas
322 3429 428 3494 partes,
451 3418 582 3495 priorem
604 3419 642 3478 ad
664 3418 714 3494 Bb,
735 3421 856 3479 alteram
872 3421 910 3479 ad
926 3421 963 3478 Β8
976 3422 1062 3480 refert
1072 3445 1081 3497 ;
1096 3421 1301 3496 constituitque

226 3524 362 3585 ordinem
385 3543 482 3584 rerum
503 3525 534 3584 in
557 3537 679 3603 utraque
701 3539 785 3604 parte
804 3539 996 3586 narratarum.
1018 3530 1125 3604 Itaque
1140 3529 1170 3589 in
1186 3533 1223 3590 B*
1237 3525 1303 3588 dicit

225 3631 346 3693 Ulixem
378 3632 574 3710 interrogasse
605 3633 750 3693 Tiresiam
783 3634 820 3692 de
852 3635 948 3693 reditu
980 3654 1044 3710 suo,
1073 3635 1104 3694 in
1129 3636 1168 3695 Bb
1190 3638 1227 3695 de
1248 3637 1302 3712 pla·

226 3739 326 3799 canda
348 3739 479 3816 Neptuni
501 3739 550 3798 ira.
582 3740 642 3814 Qui
663 3750 770 3816 potest,
793 3761 861 3799 curn
883 3751 983 3800 tamen
1007 3741 1050 3801 ira
1072 3745 1209 3821 Neptuni
1223 3762 1301 3803 com·

226 3855 308 3906 mota
340 3844 375 3904 sit
406 3857 566 3905 excaecato
598 3846 659 3906 filio
694 3847 981 3926 eius'Polyphemo,
1003 3866 1080 3926 qnae
1103 3871 1151 3911 res
1175 3860 1302 3911 narratur

225 3952 255 4010 in
287 3952 364 4011 libro
393 3981 402 4008 ι
435 3950 474 4010 ad
505 3955 543 4010 Ba
568 3987 604 3996 -
627 3963 659 4012 ut
679 3955 742 4012 vult
764 3953 859 4014 Seeck
881 3989 919 4000 -
942 3955 1122 4032 pertinenti?
1165 3960 1226 4020 Cur
1240 3976 1302 4046 ,non

227 4058 326 4118 omisit
356 4059 543 4119 diasceuasta
574 4060 665 4120 totius
698 4062 849 4138 Odysseae
881 4083 917 4122 ex
945 4065 1038 4123 altero
1070 4065 1156 4139 fonte
1178 4065 1250 4126 illud
1270 4064 1302 4123 de

227 4165 378 4242 placando
394 4167 545 4244 Neptun0,
567 4186 637 4228 curn
652 4166 683 4228 id
699 4167 833 4232 additum
845 4171 921 4228 ultra
930 4171 1005 4233 fines
1016 4169 1059 4228 sui
1071 4172 1214 4236 carminis
1228 4189 1302 4252 spec·
1316 4214 1319 4218 -
