2884 4880
554 421 590 480 93

74 609 119 647 nec
137 589 166 646 de
184 587 301 663 Ctesippi
322 605 377 644 nec
398 585 437 644 de
460 583 583 642 Antinoi
603 581 770 641 narratione
784 581 848 657 ipsa
863 580 951 639 nobis
966 575 1109 657 persuasit

73 694 241 753 Wilamowitz.

105 805 239 878 Hucusque
258 793 427 878 progres'sus
449 797 656 869 Wilamowitz,
677 813 856 871 persequens
877 813 913 852 ea
930 810 1006 868 quae
1020 793 1109 852 Niese

68 908 208 967 observavit
233 908 269 966 de
303 908 400 983 priore
427 919 509 984 parte
531 906 598 966 libri
620 927 648 981 τ,
669 903 902 983 praeclarissima
924 901 1110 978 expositione

66 1015 177 1073 ostendit
199 1015 254 1073 eius
275 1014 365 1090 partis
386 1015 425 1072 ab
445 1013 530 1073 initio
552 1024 757 1092 argumentum
778 1011 810 1071 id
831 1011 929 1079 luisse,
953 1019 985 1067 ut
999 1007 1109 1087 ¹Ulixes

63 1121 255 1198 agnoscendum
280 1140 310 1178 se
333 1119 498 1196 praebuerit
520 1122 700 1196 Penelopae.
722 1119 841 1177 Idcirco
863 1153 903 1161 —
924 1127 956 1176 ut
977 1114 1108 1174 animad-

61 1227 181 1285 vertimus
209 1263 243 1270 -
274 1227 390 1285 omissis
421 1225 480 1284 suis
510 1221 600 1302 ipsius
632 1225 780 1284 aerumnis
811 1227 919 1301 hospes
941 1222 1108 1282 orationem

58 1355 131 1393 suam
151 1337 270 1394 transfert
291 1336 329 1392 ad
351 1353 436 1392 casus
457 1333 562 1405 Ulixis,
583 1335 674 1392 fidem
697 1335 863 1408 Penelopes
878 1330 1037 1391 conciliare
1053 1328 1109 1388 sibi

55 1443 145 1500 studet
174 1455 283 1501 narrato
313 1441 406 1501 Ulixis
433 1441 466 1498 in
488 1441 606 1500 Cretam
628 1441 756 1499 insulam
780 1441 919 1511 adventu,
953 1439 1111 1497 confirmat

53 1562 178 1609 accurate
209 1551 332 1608 referens
365 1548 403 1607 de
435 1548 537 1606 habitu
569 1549 735 1624 vestituque
767 1547 838 1606 eius.
880 1549 925 1605 Ita
957 1555 1109 1604 commoto

51 1658 202 1732 Penelopes
221 1655 369 1714 desiderio
390 1666 487 1713 narrat
502 1655 619 1714 Ulixem
635 1655 715 1730 apud
729 1656 913 1730 Thesprotos
931 1655 959 1728 ι)
986 1651 1109 1724 versari;

51 1762 104 1820 iure
132 1763 249 1820 iurando
281 1763 403 1820 affirmat
435 1780 502 1820 eum
534 1773 589 1829 τοῦ
626 1765 685 1845 μὲι
711 1766 890 1845 φθίνοντος
914 1759 1024 1846 μηνός*
1052 1765 1108 1826 rob

51 1873 73 1933 δ’
95 1873 269 1952 ἱσταμένοιο
302 1869 462 1927 rediturum
495 1869 526 1927 ln
558 1869 692 1946 patriam,
725 1869 743 1927 l
768 1889 792 1926 e.
821 1884 858 1954 τῇ
884 1871 942 1956 ’ἔρῃ
969 1874 1023 1934 καὶ
1049 1870 1108 1952 ve'qt

51 1990 72 2032 vt
104 1977 292 2035 Athenienses
323 1975 436 2034 dicunt.
480 1975 626 2035 Postridie
658 1976 720 2034 eius
752 1975 811 2034 diei
843 1977 898 2064 (τῇ
934 1979 1110 2062 νουμηνίᾳ)

51 2083 118 2159 pud
148 2087 234 2142 Iones
267 2085 373 2141 lesum
406 2081 556 2159 Apollinis
589 2085 734 2143 celebrari
766 2085 885 2145 solitum
918 2104 982 2144 esse
1007 2103 1043 2142 ex
1064 2085 1110 2140 Ps

51 2190 150 2249 lerod.
173 2190 204 2247 in
227 2190 286 2247 vita
308 2193 401 2248 Hom.
424 2209 448 2247 c.
473 2210 509 2264 33
534 2189 664 2248 ostendit
685 2193 711 2248 E
736 2193 839 2266 Meyer
853 2190 884 2248 in
901 2190 1108 2266 Herme1892

53 2317 82 2372 p.
116 2299 173 2371 363
208 2316 272 2372 sqq.
316 2297 391 2354 Cum
423 2306 520 2354 autem
553 2295 638 2354 huius
659 2296 719 2355 loci
742 2295 911 2355 narratione
932 2295 1111 2372 significetur

51 2402 166 2477 {quenti
200 2402 249 2461 die
279 2402 311 2460 id
344 2403 450 2460 festum
483 2402 665 2460 celebratum
697 2401 741 2466 iri,
767 2413 889 2478 apparet
910 2402 990 2460 hunc
1011 2401 1108 2476 ipsum

51 2509 121 2579 iem,
146 2528 207 2584 qua
229 2527 295 2566 cum
318 2509 469 2584 Penelope
491 2509 599 2588 hospes
620 2510 774 2580 fabulatur,
795 2528 859 2568 esse
875 2517 934 2592 τὴν
955 2509 1035 2595 ’ἕνην
1054 2515 1108 2574 καὶ

51 2619 122 2684 ξαν·
144 2617 247 2691 itaque
269 2616 416 2692 hospitem
438 2635 491 2692 per
511 2617 660 2692 ambages
682 2618 871 2674 oraculorum
894 2617 998 2691 modo,
1020 2615 1109 2692 signi-

51 2743 114 2780 :are
140 2725 260 2782 Ulixem
282 2721 342 2780 iam
365 2741 466 2780 coram
488 2721 600 2780 adesse.
630 2724 675 2780 Ita
697 2721 794 2780 uxoris
815 2733 916 2781 mente
937 2715 1112 2799 praeparata

51 2899 230 2906 ——--—-—-

53 3006 76 3057 1)
100 3001 204 3048 Versus
223 3018 240 3048 τ
261 3009 394 3060 270-302
413 2997 504 3062 quibus
523 2998 555 3045 de
572 2997 699 3046 erroribus
719 2998 801 3047 Ulixis
819 2998 923 3048 refertur
934 3000 1115 3048 convenienter

53 3082 96 3128 ori
116 3081 198 3144 parti,
219 3081 271 3128 uisi
289 3079 357 3144 quod
376 3095 423 3142 pro
436 3078 548 3141 Calypso
562 3087 690 3140 ponuntur
703 3079 846 3142 Thesproti,
859 3079 1030 3129 Wilamowitz
1043 3097 1067 3144 p.
1082 3091 1111 3144 51

51 3161 182 3225 iquiores
211 3161 283 3208 ducit
308 3175 384 3224 quam
410 3173 496 3206 versus
523 3157 658 3222 paralellos
685 3160 697 3214 ξ
726 3171 874 3225 321—3353
901 3161 984 3208 minus
1003 3171 1070 3207 recte
1089 3169 1114 3208 ut

53 3253 123 3290 etur.
161 3243 237 3290 Nam
267 3242 294 3288 in
311 3243 324 3296 ξ
343 3241 433 3288 melius
452 3255 479 3287 se
497 3254 583 3286 versus
603 3239 745 3307 excipiunt3
764 3252 822 3304 post
841 3257 882 3290 vss
901 3255 947 3304 321
969 3258 1006 3306 sq.
1025 3251 1113 3299 κεῖνος

52 3341 77 3372 e.
100 3325 243 3388 Pheidon)
269 3327 321 3390 γὰρ
347 3323 465 3380 ἔφασκεν
489 3319 613 3373 Saeviente
639 3319 690 3386 ἡδὲ
718 3323 830 3388 φιλῆσαι
850 3325 920 3373 ἰόντ’
940 3325 966 3380 ἐς
985 3325 1113 3392 πατρίδα

51 3414 95 3452 ἀν
129 3415 157 3452 et
189 3423 246 3456 vss.
275 3419 323 3469 323
351 3422 388 3470 sq.
416 3406 462 3452 nov*
489 3423 534 3464 μοι
564 3401 683 3469 κτήματ’
715 3404 824 3462 ἔδειξεν
854 3405 904 3455 ὅσα
931 3405 1109 3474 ξυναγείρατ’

51 3487 178 3543 ternosue
201 3496 265 3535 cett.
284 3503 362 3552 usque
375 3489 408 3534 ad
420 3488 468 3534 τὸν
482 3486 536 3542 δ’ἒς
550 3484 691 3552 Δωδώνην
707 3489 778 3546 φάτο
791 3492 913 3554 βήμεναι
925 3527 930 3538 .
941 3525 947 3537 .
958 3527 974 3554 .‚
989 3493 1114 3555 sequitur:

51 3585 94 3618 ισε
130 3568 168 3617 δὲ
204 3570 278 3635 πρὸς
305 3564 497 3628 ἕαάὐτόι...
517 3569 581 3632 Νῆα
599 3569 787 3635 κατειρύσθαι
806 3575 854 3620 καὶ
873 3572 1012 3637 ἐπαρτέας
1029 3569 1115 3632 ἔμμεν

51 3657 141 3718 ipone
174 3653 215 3702 Οἳ
245 3653 284 3716 δὴ
311 3672 356 3712 μιν
382 3653 520 3711 πέμψουσι
540 3687 649 3702 .....
685 3650 763 3700 Ἀλλ’
794 3652 841 3714 ἐμὲ
869 3659 936 3722 πρὶν
966 3655 1113 3715 ἀπέπεμψε

51 3736 166 3782 ichium
214 3737 251 3782 ad
288 3751 373 3798 regem
402 3735 524 3781 Acastum
554 3733 650 3782 scilicet
678 3737 700 3798 (ξ
731 3737 801 3798 334).
848 3737 943 3786 Contra
970 3739 997 3786 in
1024 3756 1040 3784 τ
1071 3738 1117 3785 iter

51 3816 117 3863 >itis
150 3817 317 3864 Dulichium
342 3831 429 3864 versus
457 3815 536 3879 (quod
566 3815 616 3863 nisi
640 3816 735 3872 libro&
755 3818 861 3881 cognito
880 3835 932 3867 non
952 3818 1116 3892 intellegitur)

51 3898 148 3946 evenit
183 3898 262 3945 inter
289 3913 324 3946 vs.
354 3895 402 3958 287
429 3894 530 3962 (ὤμνυε
558 3895 590 3945 δὲ
617 3899 685 3965 πρὸς
711 3898 842 3959 ἕαάὐτόν
856 3935 944 3950 .....
948 3904 955 3961 )
984 3908 1008 3948 et
1031 3918 1047 3948 τ
1067 3911 1116 3960 293

81 3999 141 4037 μοι
174 3975 307 4044 κτήματ’
332 3977 465 4043 ideam„
486 3988 510 4027 et
528 3998 543 4027 τ
564 3992 609 4042 301
632 3998 669 4046 sq,
689 3980 761 4042 (οὐδ’
785 3982 826 4031 ἔτι
854 3981 933 4048 τῆλε
961 3983 1045 4040 φίλων
1067 3981 1116 4029 καὶ

51 4061 150 4124 Ισι’δος
175 4061 252 4127 αἴης
273 4061 364 4127 Δηρὸν
382 4062 554 4119 ἀπεσσεῖται)
565 4062 638 4125 petiti
652 4074 710 4112 sunt
721 4081 750 4112 ex
763 4080 778 4114 σ
795 4077 839 4130 145
854 4065 963 4130 (ἀνδρὸς
977 4064 1007 4113 ὃν
1022 4064 1116 4113 οὐκέτι

51 4144 180 4201 boillon*
220 4148 274 4192 καὶ
296 4144 437 4210 πατρίδος
459 4143 522 4210 αἳης
541 4144 632 4210 Δηρὸν
649 4145 841 4208 ἀπέσσεσθαι).
860 4148 900 4195 De
909 4147 1000 4194 ceteris
1015 4146 1118 4211 quidem

51 4226 79 4272 le
106 4227 256 4274 versibus
269 4233 281 4283 ξ
306 4227 438 4292 158-162
454 4243 484 4275 ex
496 4245 512 4274 τ
523 4229 730 4292 303—7petitis)
742 4230 803 4278 mihi
813 4229 939 4294 persuasit
948 4228 1118 4280 Wilamowitz
