<?xml version="1.0" encoding="UTF-8"?>
<!DOCTYPE html PUBLIC "-//W3C//DTD XHTML 1.0 Transitional//EN"
    "http://www.w3.org/TR/xhtml1/DTD/xhtml1-transitional.dtd">
<html xmlns="http://www.w3.org/1999/xhtml" xml:lang="en" lang="en">
 <head>
  <title>
</title>
<meta http-equiv="Content-Type" content="text/html;charset=utf-8" />
  <meta name='ocr-system' content='tesseract 3.04.00' />
  <meta name='ocr-capabilities' content='ocr_page ocr_carea ocr_par ocr_line ocrx_word'/>
</head>
<body>
  <div class='ocr_page' id='page_1' title='image "./praecipuaerecen00fraegoog_0023.png"; bbox 0 0 2928 4886; ppageno 0'>
   <div class='ocr_carea' id='block_1_1' title="bbox 793 383 811 438">
    <p class='ocr_par' dir='ltr' id='par_1_1' title="bbox 793 383 811 438">
     <span class='ocr_line' id='line_1_1' title="bbox 793 383 811 438; baseline 0 0"><span class='ocrx_word' id='word_1_1' title='bbox 793 383 811 438; x_wconf 88' lang='lat'>8</span> 
     </span>
    </p>
   </div>
   <div class='ocr_carea' id='block_1_2' title="bbox 260 564 1347 4063">
    <p class='ocr_par' dir='ltr' id='par_1_2' title="bbox 260 564 1347 2034">
     <span class='ocr_line' id='line_1_2' title="bbox 260 564 1341 626; baseline 0.004 -4"><span class='ocrx_word' id='word_1_2' title='bbox 260 565 444 623; x_wconf 81' lang='lat' dir='ltr'><em>admonuisse</em></span> <span class='ocrx_word' id='word_1_3' title='bbox 473 584 508 623; x_wconf 89' lang='lat' dir='ltr'>ne</span> <span class='ocrx_word' id='word_1_4' title='bbox 538 566 621 623; x_wconf 85' lang='lat' dir='ltr'>boues</span> <span class='ocrx_word' id='word_1_5' title='bbox 655 565 733 624; x_wconf 89' lang='lat' dir='ltr'>Solis</span> <span class='ocrx_word' id='word_1_6' title='bbox 764 564 923 623; x_wconf 84' lang='lat' dir='ltr'>laederent.</span> <span class='ocrx_word' id='word_1_7' title='bbox 967 564 1043 623; x_wconf 91' lang='lat' dir='ltr'>Cum</span> <span class='ocrx_word' id='word_1_8' title='bbox 1077 582 1209 622; x_wconf 87' lang='lat' dir='ltr'>mensem</span> <span class='ocrx_word' id='word_1_9' title='bbox 1242 575 1341 626; x_wconf 90' lang='lat' dir='ltr'>totum</span> 
     </span>
     <span class='ocr_line' id='line_1_3' title="bbox 262 669 1342 746; baseline 0.004 -17"><span class='ocrx_word' id='word_1_10' title='bbox 262 669 411 730; x_wconf 88' lang='lat' dir='ltr'>contrario</span> <span class='ocrx_word' id='word_1_11' title='bbox 434 679 524 729; x_wconf 90' lang='lat' dir='ltr'>vento</span> <span class='ocrx_word' id='word_1_12' title='bbox 547 669 749 744; x_wconf 86' lang='lat' dir='ltr'>retinerentur,</span> <span class='ocrx_word' id='word_1_13' title='bbox 772 689 888 730; x_wconf 88' lang='lat' dir='ltr'>summa</span> <span class='ocrx_word' id='word_1_14' title='bbox 908 670 968 729; x_wconf 90' lang='lat' dir='ltr'>cibi</span> <span class='ocrx_word' id='word_1_15' title='bbox 990 670 1113 746; x_wconf 87' lang='lat' dir='ltr'>penuria</span> <span class='ocrx_word' id='word_1_16' title='bbox 1133 674 1221 746; x_wconf 88' lang='lat' dir='ltr'>facta,</span> <span class='ocrx_word' id='word_1_17' title='bbox 1246 693 1342 734; x_wconf 91' lang='lat' dir='ltr'>reme·</span> 
     </span>
     <span class='ocr_line' id='line_1_4' title="bbox 261 774 1343 854; baseline 0.003 -17"><span class='ocrx_word' id='word_1_18' title='bbox 261 776 344 837; x_wconf 86' lang='lat' dir='ltr'>diurn</span> <span class='ocrx_word' id='word_1_19' title='bbox 366 797 397 837; x_wconf 90' lang='lat' dir='ltr'>se</span> <span class='ocrx_word' id='word_1_20' title='bbox 420 788 573 854; x_wconf 90' lang='lat' dir='ltr'>precatum</span> <span class='ocrx_word' id='word_1_21' title='bbox 595 797 612 835; x_wconf 94' lang='lat' dir='ltr'>a</span> <span class='ocrx_word' id='word_1_22' title='bbox 626 776 682 836; x_wconf 86' lang='lat' dir='ltr'>diis</span> <span class='ocrx_word' id='word_1_23' title='bbox 697 774 914 836; x_wconf 87' lang='lat' dir='ltr'>obdormivisse</span> <span class='ocrx_word' id='word_1_24' title='bbox 929 778 1062 852; x_wconf 85' lang='lat' dir='ltr'>procula</span> <span class='ocrx_word' id='word_1_25' title='bbox 1073 777 1170 836; x_wconf 92' lang='lat' dir='ltr'>sociis.</span> <span class='ocrx_word' id='word_1_26' title='bbox 1192 780 1271 838; x_wconf 88' lang='lat' dir='ltr'>Tum</span> <span class='ocrx_word' id='word_1_27' title='bbox 1285 781 1343 840; x_wconf 89' lang='lat' dir='ltr'>hos</span> 
     </span>
     <span class='ocr_line' id='line_1_5' title="bbox 262 883 1342 962; baseline 0.003 -19"><span class='ocrx_word' id='word_1_28' title='bbox 262 886 301 944; x_wconf 87' lang='lat' dir='ltr'>ab</span> <span class='ocrx_word' id='word_1_29' title='bbox 334 885 506 962; x_wconf 87' lang='lat' dir='ltr'>Eurylocho</span> <span class='ocrx_word' id='word_1_30' title='bbox 527 892 679 960; x_wconf 90' lang='lat' dir='ltr'>permotos</span> <span class='ocrx_word' id='word_1_31' title='bbox 698 884 846 958; x_wconf 90' lang='lat' dir='ltr'>quosdam</span> <span class='ocrx_word' id='word_1_32' title='bbox 868 884 905 942; x_wconf 90' lang='lat' dir='ltr'>de</span> <span class='ocrx_word' id='word_1_33' title='bbox 927 883 1026 943; x_wconf 91' lang='lat' dir='ltr'>bobus</span> <span class='ocrx_word' id='word_1_34' title='bbox 1050 883 1127 944; x_wconf 91' lang='lat' dir='ltr'>Solis</span> <span class='ocrx_word' id='word_1_35' title='bbox 1148 884 1342 961; x_wconf 87' lang='lat' dir='ltr'>sacrificasse,</span> 
     </span>
     <span class='ocr_line' id='line_1_6' title="bbox 262 989 1343 1066; baseline 0.002 -16"><span class='ocrx_word' id='word_1_36' title='bbox 262 990 345 1050; x_wconf 91' lang='lat' dir='ltr'>cuius</span> <span class='ocrx_word' id='word_1_37' title='bbox 366 989 500 1050; x_wconf 89' lang='lat' dir='ltr'>sacrificii</span> <span class='ocrx_word' id='word_1_38' title='bbox 524 990 648 1050; x_wconf 90' lang='lat' dir='ltr'>odorem</span> <span class='ocrx_word' id='word_1_39' title='bbox 671 1009 739 1049; x_wconf 91' lang='lat' dir='ltr'>cum</span> <span class='ocrx_word' id='word_1_40' title='bbox 761 999 947 1066; x_wconf 85' lang='lat' dir='ltr'>experrectus</span> <span class='ocrx_word' id='word_1_41' title='bbox 961 989 1132 1066; x_wconf 85' lang='lat' dir='ltr'>excepisset,</span> <span class='ocrx_word' id='word_1_42' title='bbox 1154 1010 1185 1050; x_wconf 90' lang='lat' dir='ltr'>se</span> <span class='ocrx_word' id='word_1_43' title='bbox 1199 1010 1267 1050; x_wconf 90' lang='lat' dir='ltr'>cum</span> <span class='ocrx_word' id='word_1_44' title='bbox 1284 993 1343 1053; x_wconf 90' lang='lat' dir='ltr'>diis</span> 
     </span>
     <span class='ocr_line' id='line_1_7' title="bbox 262 1099 1343 1175; baseline 0.001 -18"><span class='ocrx_word' id='word_1_45' title='bbox 262 1107 459 1173; x_wconf 89' lang='lat' dir='ltr'>conquestum</span> <span class='ocrx_word' id='word_1_46' title='bbox 481 1116 553 1157; x_wconf 91' lang='lat' dir='ltr'>esse.</span> <span class='ocrx_word' id='word_1_47' title='bbox 573 1133 613 1141; x_wconf 95' lang='lat'>-</span> <span class='ocrx_word' id='word_1_48' title='bbox 635 1100 774 1157; x_wconf 81' lang='lat' dir='ltr'>Iniuriae</span> <span class='ocrx_word' id='word_1_49' title='bbox 788 1100 888 1156; x_wconf 88' lang='lat' dir='ltr'>nuntio</span> <span class='ocrx_word' id='word_1_50' title='bbox 902 1106 1016 1175; x_wconf 85' lang='lat' dir='ltr'>accepta</span> <span class='ocrx_word' id='word_1_51' title='bbox 1032 1099 1127 1157; x_wconf 88' lang='lat' dir='ltr'>Solem</span> <span class='ocrx_word' id='word_1_52' title='bbox 1140 1119 1159 1156; x_wconf 91' lang='lat' dir='ltr'>o</span> <span class='ocrx_word' id='word_1_53' title='bbox 1169 1100 1241 1158; x_wconf 88' lang='lat' dir='ltr'>Ioue</span> <span class='ocrx_word' id='word_1_54' title='bbox 1252 1102 1343 1158; x_wconf 91' lang='lat' dir='ltr'>ultio-</span> 
     </span>
     <span class='ocr_line' id='line_1_8' title="bbox 264 1206 1344 1283; baseline 0.003 -20"><span class='ocrx_word' id='word_1_55' title='bbox 264 1225 326 1264; x_wconf 87' lang='lat' dir='ltr'>nem</span> <span class='ocrx_word' id='word_1_56' title='bbox 345 1206 507 1282; x_wconf 83' lang='lat' dir='ltr'>petivisse;</span> <span class='ocrx_word' id='word_1_57' title='bbox 541 1225 628 1281; x_wconf 84' lang='lat' dir='ltr'>quom</span> <span class='ocrx_word' id='word_1_58' title='bbox 650 1207 701 1264; x_wconf 88' lang='lat' dir='ltr'>ille</span> <span class='ocrx_word' id='word_1_59' title='bbox 714 1207 910 1282; x_wconf 84' lang='lat' dir='ltr'>promiserit,·</span> <span class='ocrx_word' id='word_1_60' title='bbox 941 1207 982 1263; x_wconf 86' lang='lat' dir='ltr'>sic</span> <span class='ocrx_word' id='word_1_61' title='bbox 1003 1208 1076 1264; x_wconf 87' lang='lat' dir='ltr'>enim</span> <span class='ocrx_word' id='word_1_62' title='bbox 1097 1207 1154 1264; x_wconf 84' lang='lat' dir='ltr'>sibi</span> <span class='ocrx_word' id='word_1_63' title='bbox 1173 1226 1192 1263; x_wconf 91' lang='lat' dir='ltr'>a</span> <span class='ocrx_word' id='word_1_64' title='bbox 1217 1207 1344 1283; x_wconf 83' lang='lat' dir='ltr'>Calypso</span> 
     </span>
     <span class='ocr_line' id='line_1_9' title="bbox 263 1293 1345 1373; baseline 0 -1"><span class='ocrx_word' id='word_1_65' title='bbox 263 1320 420 1373; x_wconf 88' lang='lat' dir='ltr'>narratum</span> <span class='ocrx_word' id='word_1_66' title='bbox 443 1332 511 1372; x_wconf 86' lang='lat' dir='ltr'>esse.</span> <span class='ocrx_word' id='word_1_67' title='bbox 534 1313 607 1371; x_wconf 91' lang='lat' dir='ltr'>Sero</span> <span class='ocrx_word' id='word_1_68' title='bbox 629 1331 660 1372; x_wconf 87' lang='lat' dir='ltr'>se</span> <span class='ocrx_word' id='word_1_69' title='bbox 681 1311 720 1370; x_wconf 92' lang='lat' dir='ltr'>ad</span> <span class='ocrx_word' id='word_1_70' title='bbox 743 1311 840 1371; x_wconf 91' lang='lat' dir='ltr'>socios</span> <span class='ocrx_word' id='word_1_71' title='bbox 861 1329 1007 1370; x_wconf 90' lang='lat' dir='ltr'>reversum</span> <span class='ocrx_word' id='word_1_72' title='bbox 1033 1310 1140 1370; x_wconf 90' lang='lat' dir='ltr'>vidisse</span> <span class='ocrx_word' id='word_1_73' title='bbox 1157 1293 1345 1372; x_wconf 84' lang='lat' dir='ltr'>imminentis</span> 
     </span>
     <span class='ocr_line' id='line_1_10' title="bbox 263 1418 1344 1496; baseline -0.002 -15"><span class='ocrx_word' id='word_1_74' title='bbox 263 1419 440 1481; x_wconf 85' lang='lat' dir='ltr'>calamitatis</span> <span class='ocrx_word' id='word_1_75' title='bbox 454 1418 598 1496; x_wconf 88' lang='lat' dir='ltr'>prodigia.</span> <span class='ocrx_word' id='word_1_76' title='bbox 624 1421 701 1479; x_wconf 91' lang='lat' dir='ltr'>Cum</span> <span class='ocrx_word' id='word_1_77' title='bbox 717 1430 786 1496; x_wconf 94' lang='lat' dir='ltr'>post</span> <span class='ocrx_word' id='word_1_78' title='bbox 798 1418 862 1478; x_wconf 91' lang='lat' dir='ltr'>dies</span> <span class='ocrx_word' id='word_1_79' title='bbox 877 1421 921 1477; x_wconf 93' lang='lat' dir='ltr'>VI</span> <span class='ocrx_word' id='word_1_80' title='bbox 934 1426 1105 1494; x_wconf 74' lang='lat' dir='ltr'>tempestate</span> <span class='ocrx_word' id='word_1_81' title='bbox 1118 1419 1219 1477; x_wconf 87' lang='lat' dir='ltr'>sedato</span> <span class='ocrx_word' id='word_1_82' title='bbox 1234 1438 1344 1479; x_wconf 85' lang='lat' dir='ltr'>navem</span> 
     </span>
     <span class='ocr_line' id='line_1_11' title="bbox 262 1523 1343 1600; baseline -0.004 -10"><span class='ocrx_word' id='word_1_83' title='bbox 262 1546 364 1590; x_wconf 89' lang='lat' dir='ltr'>secum</span> <span class='ocrx_word' id='word_1_84' title='bbox 396 1525 638 1588; x_wconf 89' lang='lat' dir='ltr'>conscendissent</span> <span class='ocrx_word' id='word_1_85' title='bbox 669 1525 802 1600; x_wconf 90' lang='lat' dir='ltr'>comites,</span> <span class='ocrx_word' id='word_1_86' title='bbox 836 1525 867 1583; x_wconf 90' lang='lat' dir='ltr'>in</span> <span class='ocrx_word' id='word_1_87' title='bbox 899 1524 971 1582; x_wconf 89' lang='lat' dir='ltr'>mari</span> <span class='ocrx_word' id='word_1_88' title='bbox 997 1523 1077 1583; x_wconf 91' lang='lat' dir='ltr'>Iovis</span> <span class='ocrx_word' id='word_1_89' title='bbox 1097 1523 1222 1584; x_wconf 87' lang='lat' dir='ltr'>fulmine</span> <span class='ocrx_word' id='word_1_90' title='bbox 1244 1526 1343 1586; x_wconf 90' lang='lat' dir='ltr'>fracto</span> 
     </span>
     <span class='ocr_line' id='line_1_12' title="bbox 262 1631 1345 1714; baseline -0.005 -17"><span class='ocrx_word' id='word_1_91' title='bbox 262 1636 382 1714; x_wconf 85' lang='lat' dir='ltr'>navigio</span> <span class='ocrx_word' id='word_1_92' title='bbox 415 1653 517 1694; x_wconf 90' lang='lat' dir='ltr'>omnes</span> <span class='ocrx_word' id='word_1_93' title='bbox 549 1635 715 1694; x_wconf 90' lang='lat' dir='ltr'>submersos</span> <span class='ocrx_word' id='word_1_94' title='bbox 736 1631 845 1708; x_wconf 90' lang='lat' dir='ltr'>perisse</span> <span class='ocrx_word' id='word_1_95' title='bbox 871 1642 986 1708; x_wconf 91' lang='lat' dir='ltr'>praeter</span> <span class='ocrx_word' id='word_1_96' title='bbox 1012 1650 1042 1689; x_wconf 90' lang='lat' dir='ltr'>se</span> <span class='ocrx_word' id='word_1_97' title='bbox 1063 1648 1165 1699; x_wconf 89' lang='lat' dir='ltr'>unum,</span> <span class='ocrx_word' id='word_1_98' title='bbox 1187 1631 1238 1708; x_wconf 88' lang='lat' dir='ltr'>qui</span> <span class='ocrx_word' id='word_1_99' title='bbox 1260 1635 1345 1692; x_wconf 91' lang='lat' dir='ltr'>malo</span> 
     </span>
     <span class='ocr_line' id='line_1_13' title="bbox 263 1739 1347 1817; baseline -0.002 -15"><span class='ocrx_word' id='word_1_100' title='bbox 263 1762 330 1802; x_wconf 90' lang='lat' dir='ltr'>cum</span> <span class='ocrx_word' id='word_1_101' title='bbox 366 1743 467 1802; x_wconf 89' lang='lat' dir='ltr'>carina</span> <span class='ocrx_word' id='word_1_102' title='bbox 498 1743 601 1802; x_wconf 90' lang='lat' dir='ltr'>iuncta</span> <span class='ocrx_word' id='word_1_103' title='bbox 631 1741 782 1817; x_wconf 91' lang='lat' dir='ltr'>insidens,</span> <span class='ocrx_word' id='word_1_104' title='bbox 818 1749 917 1799; x_wconf 89' lang='lat' dir='ltr'>austro</span> <span class='ocrx_word' id='word_1_105' title='bbox 946 1739 1053 1798; x_wconf 87' lang='lat' dir='ltr'>iterum</span> <span class='ocrx_word' id='word_1_106' title='bbox 1084 1759 1136 1816; x_wconf 92' lang='lat' dir='ltr'>per</span> <span class='ocrx_word' id='word_1_107' title='bbox 1167 1741 1347 1816; x_wconf 89' lang='lat' dir='ltr'>Charybdin</span> 
     </span>
     <span class='ocr_line' id='line_1_14' title="bbox 264 1845 1344 1926; baseline -0.005 -16"><span class='ocrx_word' id='word_1_108' title='bbox 264 1851 422 1919; x_wconf 84' lang='lat' dir='ltr'>abductus,</span> <span class='ocrx_word' id='word_1_109' title='bbox 453 1861 606 1926; x_wconf 88' lang='lat' dir='ltr'>postremo</span> <span class='ocrx_word' id='word_1_110' title='bbox 635 1848 781 1926; x_wconf 86' lang='lat' dir='ltr'>Ogygiam</span> <span class='ocrx_word' id='word_1_111' title='bbox 801 1848 927 1923; x_wconf 75' lang='lat' dir='ltr'>delatuS,</span> <span class='ocrx_word' id='word_1_112' title='bbox 948 1867 967 1906; x_wconf 89' lang='lat' dir='ltr'>a</span> <span class='ocrx_word' id='word_1_113' title='bbox 987 1845 1118 1922; x_wconf 88' lang='lat' dir='ltr'>Calypso</span> <span class='ocrx_word' id='word_1_114' title='bbox 1140 1845 1268 1924; x_wconf 85' lang='lat' dir='ltr'>benigne</span> <span class='ocrx_word' id='word_1_115' title='bbox 1289 1867 1344 1906; x_wconf 92' lang='lat' dir='ltr'>ac·</span> 
     </span>
     <span class='ocr_line' id='line_1_15' title="bbox 264 1953 1345 2034; baseline -0.001 -18"><span class='ocrx_word' id='word_1_116' title='bbox 264 1968 367 2034; x_wconf 90' lang='lat' dir='ltr'>ceptus</span> <span class='ocrx_word' id='word_1_117' title='bbox 389 1956 434 2015; x_wconf 90' lang='lat' dir='ltr'>sit.</span> <span class='ocrx_word' id='word_1_118' title='bbox 456 1956 532 2015; x_wconf 91' lang='lat' dir='ltr'>Inde</span> <span class='ocrx_word' id='word_1_119' title='bbox 552 1973 629 2031; x_wconf 86' lang='lat' dir='ltr'>quae</span> <span class='ocrx_word' id='word_1_120' title='bbox 644 1954 805 2015; x_wconf 88' lang='lat' dir='ltr'>acciderint</span> <span class='ocrx_word' id='word_1_121' title='bbox 817 1954 878 2013; x_wconf 89' lang='lat' dir='ltr'>iam</span> <span class='ocrx_word' id='word_1_122' title='bbox 892 1955 1028 2012; x_wconf 91' lang='lat' dir='ltr'>hesterno</span> <span class='ocrx_word' id='word_1_123' title='bbox 1044 1972 1076 2012; x_wconf 90' lang='lat' dir='ltr'>se</span> <span class='ocrx_word' id='word_1_124' title='bbox 1091 1953 1139 2012; x_wconf 92' lang='lat' dir='ltr'>die</span> <span class='ocrx_word' id='word_1_125' title='bbox 1154 1953 1345 2030; x_wconf 89' lang='lat' dir='ltr'>explicuisse.</span> 
     </span>
    </p>

    <p class='ocr_par' dir='ltr' id='par_1_3' title="bbox 264 2058 1347 4063">
     <span class='ocr_line' id='line_1_16' title="bbox 305 2058 1346 2141; baseline -0.002 -19"><span class='ocrx_word' id='word_1_126' title='bbox 305 2063 439 2123; x_wconf 89' lang='lat' dir='ltr'>Narratio</span> <span class='ocrx_word' id='word_1_127' title='bbox 471 2063 660 2122; x_wconf 89' lang='lat' dir='ltr'>concluditur</span> <span class='ocrx_word' id='word_1_128' title='bbox 681 2082 757 2141; x_wconf 88' lang='lat' dir='ltr'>quae</span> <span class='ocrx_word' id='word_1_129' title='bbox 779 2061 918 2122; x_wconf 89' lang='lat' dir='ltr'>omnibus</span> <span class='ocrx_word' id='word_1_130' title='bbox 942 2058 1078 2120; x_wconf 88' lang='lat' dir='ltr'>convivis</span> <span class='ocrx_word' id='word_1_131' title='bbox 1099 2059 1192 2120; x_wconf 88' lang='lat' dir='ltr'>movit</span> <span class='ocrx_word' id='word_1_132' title='bbox 1214 2060 1346 2120; x_wconf 91' lang='lat' dir='ltr'>admira·</span> 
     </span>
     <span class='ocr_line' id='line_1_17' title="bbox 264 2165 1347 2246; baseline -0.001 -18"><span class='ocrx_word' id='word_1_133' title='bbox 264 2170 394 2244; x_wconf 88' lang='lat' dir='ltr'>tionem;</span> <span class='ocrx_word' id='word_1_134' title='bbox 416 2170 505 2230; x_wconf 90' lang='lat' dir='ltr'>donis</span> <span class='ocrx_word' id='word_1_135' title='bbox 529 2170 623 2230; x_wconf 90' lang='lat' dir='ltr'>auctis</span> <span class='ocrx_word' id='word_1_136' title='bbox 634 2171 779 2246; x_wconf 76' lang='lat' dir='ltr'>postridie</span> <span class='ocrx_word' id='word_1_137' title='bbox 789 2167 904 2244; x_wconf 90' lang='lat' dir='ltr'>vesperi</span> <span class='ocrx_word' id='word_1_138' title='bbox 918 2166 1032 2242; x_wconf 82' lang='lat' dir='ltr'>Ulixes,</span> <span class='ocrx_word' id='word_1_139' title='bbox 1048 2165 1232 2226; x_wconf 88' lang='lat' dir='ltr'>Phaeacibus</span> <span class='ocrx_word' id='word_1_140' title='bbox 1246 2169 1347 2227; x_wconf 82' lang='lat' dir='ltr'>fausta</span> 
     </span>
     <span class='ocr_line' id='line_1_18' title="bbox 265 2276 1343 2355; baseline -0.004 -19"><span class='ocrx_word' id='word_1_141' title='bbox 265 2288 400 2355; x_wconf 86' lang='lat' dir='ltr'>precatus</span> <span class='ocrx_word' id='word_1_142' title='bbox 435 2277 548 2355; x_wconf 88' lang='lat' dir='ltr'>sibique</span> <span class='ocrx_word' id='word_1_143' title='bbox 584 2289 618 2336; x_wconf 93' lang='lat' dir='ltr'>ut</span> <span class='ocrx_word' id='word_1_144' title='bbox 659 2279 739 2335; x_wconf 90' lang='lat' dir='ltr'>domi</span> <span class='ocrx_word' id='word_1_145' title='bbox 779 2295 901 2336; x_wconf 86' lang='lat' dir='ltr'>uxorem</span> <span class='ocrx_word' id='word_1_146' title='bbox 943 2278 1110 2334; x_wconf 84' lang='lat' dir='ltr'>incolumem</span> <span class='ocrx_word' id='word_1_147' title='bbox 1148 2276 1279 2333; x_wconf 86' lang='lat' dir='ltr'>inueniat</span> <span class='ocrx_word' id='word_1_148' title='bbox 1311 2277 1343 2348; x_wconf 90' lang='lat'>1)</span> 
     </span>
     <span class='ocr_line' id='line_1_19' title="bbox 264 2383 1344 2459; baseline 0 -15"><span class='ocrx_word' id='word_1_149' title='bbox 264 2404 373 2445; x_wconf 88' lang='lat' dir='ltr'>navem</span> <span class='ocrx_word' id='word_1_150' title='bbox 408 2384 600 2457; x_wconf 89' lang='lat' dir='ltr'>conscendit;</span> <span class='ocrx_word' id='word_1_151' title='bbox 635 2383 741 2443; x_wconf 87' lang='lat' dir='ltr'>itinere</span> <span class='ocrx_word' id='word_1_152' title='bbox 777 2385 910 2459; x_wconf 82' lang='lat' dir='ltr'>perfecto</span> <span class='ocrx_word' id='word_1_153' title='bbox 945 2383 1095 2445; x_wconf 89' lang='lat' dir='ltr'>dormiens</span> <span class='ocrx_word' id='word_1_154' title='bbox 1130 2405 1147 2442; x_wconf 91' lang='lat' dir='ltr'>a</span> <span class='ocrx_word' id='word_1_155' title='bbox 1182 2384 1279 2444; x_wconf 90' lang='lat' dir='ltr'>nautis</span> <span class='ocrx_word' id='word_1_156' title='bbox 1310 2383 1344 2444; x_wconf 92' lang='lat' dir='ltr'>in</span> 
     </span>
     <span class='ocr_line' id='line_1_20' title="bbox 264 2489 1343 2568; baseline -0.001 -17"><span class='ocrx_word' id='word_1_157' title='bbox 264 2492 400 2551; x_wconf 89' lang='lat' dir='ltr'>Ithacam</span> <span class='ocrx_word' id='word_1_158' title='bbox 422 2490 580 2568; x_wconf 88' lang='lat' dir='ltr'>exponitur</span> <span class='ocrx_word' id='word_1_159' title='bbox 601 2489 660 2548; x_wconf 91' lang='lat' dir='ltr'>suis</span> <span class='ocrx_word' id='word_1_160' title='bbox 682 2509 751 2548; x_wconf 90' lang='lat' dir='ltr'>curn</span> <span class='ocrx_word' id='word_1_161' title='bbox 773 2491 961 2566; x_wconf 77' lang='lat' dir='ltr'>muneribus3</span> <span class='ocrx_word' id='word_1_162' title='bbox 981 2509 1042 2566; x_wconf 92' lang='lat' dir='ltr'>quo</span> <span class='ocrx_word' id='word_1_163' title='bbox 1064 2493 1144 2551; x_wconf 91' lang='lat' dir='ltr'>lacto</span> <span class='ocrx_word' id='word_1_164' title='bbox 1159 2491 1200 2550; x_wconf 91' lang='lat' dir='ltr'>illi</span> <span class='ocrx_word' id='word_1_165' title='bbox 1217 2491 1343 2552; x_wconf 89' lang='lat' dir='ltr'>domum</span> 
     </span>
     <span class='ocr_line' id='line_1_21' title="bbox 265 2595 1345 2674; baseline 0.003 -18"><span class='ocrx_word' id='word_1_166' title='bbox 265 2600 399 2658; x_wconf 91' lang='lat' dir='ltr'>redeunt.</span> <span class='ocrx_word' id='word_1_167' title='bbox 443 2597 504 2657; x_wconf 86' lang='lat' dir='ltr'>Sed</span> <span class='ocrx_word' id='word_1_168' title='bbox 536 2597 694 2674; x_wconf 85' lang='lat' dir='ltr'>Neptunus</span> <span class='ocrx_word' id='word_1_169' title='bbox 726 2617 794 2656; x_wconf 92' lang='lat' dir='ltr'>cum</span> <span class='ocrx_word' id='word_1_170' title='bbox 830 2600 901 2657; x_wconf 88' lang='lat' dir='ltr'>love</span> <span class='ocrx_word' id='word_1_171' title='bbox 926 2595 1094 2657; x_wconf 87' lang='lat' dir='ltr'>Phaeacum</span> <span class='ocrx_word' id='word_1_172' title='bbox 1116 2597 1147 2656; x_wconf 90' lang='lat' dir='ltr'>in</span> <span class='ocrx_word' id='word_1_173' title='bbox 1169 2597 1345 2659; x_wconf 89' lang='lat' dir='ltr'>comitando</span> 
     </span>
     <span class='ocr_line' id='line_1_22' title="bbox 264 2705 1343 2779; baseline -0.002 -13"><span class='ocrx_word' id='word_1_174' title='bbox 264 2705 354 2766; x_wconf 84' lang='lat' dir='ltr'>Ulixe</span> <span class='ocrx_word' id='word_1_175' title='bbox 375 2705 597 2764; x_wconf 87' lang='lat' dir='ltr'>contumaciam</span> <span class='ocrx_word' id='word_1_176' title='bbox 619 2715 747 2779; x_wconf 88' lang='lat' dir='ltr'>questus,</span> <span class='ocrx_word' id='word_1_177' title='bbox 769 2705 827 2763; x_wconf 93' lang='lat' dir='ltr'>hoc</span> <span class='ocrx_word' id='word_1_178' title='bbox 845 2714 965 2764; x_wconf 87' lang='lat' dir='ltr'>auctore</span> <span class='ocrx_word' id='word_1_179' title='bbox 980 2723 1087 2764; x_wconf 88' lang='lat' dir='ltr'>navem</span> <span class='ocrx_word' id='word_1_180' title='bbox 1101 2725 1203 2764; x_wconf 89' lang='lat' dir='ltr'>eorum</span> <span class='ocrx_word' id='word_1_181' title='bbox 1218 2706 1343 2765; x_wconf 91' lang='lat' dir='ltr'>redeun-</span> 
     </span>
     <span class='ocr_line' id='line_1_23' title="bbox 264 2809 1345 2888; baseline 0 -16"><span class='ocrx_word' id='word_1_182' title='bbox 264 2823 325 2872; x_wconf 90' lang='lat' dir='ltr'>tem</span> <span class='ocrx_word' id='word_1_183' title='bbox 345 2811 377 2870; x_wconf 90' lang='lat' dir='ltr'>in</span> <span class='ocrx_word' id='word_1_184' title='bbox 399 2823 562 2888; x_wconf 90' lang='lat' dir='ltr'>conspectu</span> <span class='ocrx_word' id='word_1_185' title='bbox 577 2810 716 2870; x_wconf 87' lang='lat' dir='ltr'>Scheriae</span> <span class='ocrx_word' id='word_1_186' title='bbox 730 2809 761 2869; x_wconf 90' lang='lat' dir='ltr'>in</span> <span class='ocrx_word' id='word_1_187' title='bbox 777 2827 878 2870; x_wconf 87' lang='lat' dir='ltr'>saxum</span> <span class='ocrx_word' id='word_1_188' title='bbox 892 2809 993 2880; x_wconf 89' lang='lat' dir='ltr'>vertit;</span> <span class='ocrx_word' id='word_1_189' title='bbox 1016 2811 1099 2870; x_wconf 91' lang='lat' dir='ltr'>cuius</span> <span class='ocrx_word' id='word_1_190' title='bbox 1112 2811 1173 2870; x_wconf 87' lang='lat' dir='ltr'>irae</span> <span class='ocrx_word' id='word_1_191' title='bbox 1188 2811 1345 2872; x_wconf 89' lang='lat' dir='ltr'>leniendae</span> 
     </span>
     <span class='ocr_line' id='line_1_24' title="bbox 265 2918 1345 2996; baseline -0.001 -17"><span class='ocrx_word' id='word_1_192' title='bbox 265 2936 355 2979; x_wconf 90' lang='lat' dir='ltr'>causa</span> <span class='ocrx_word' id='word_1_193' title='bbox 370 2918 523 2993; x_wconf 66' lang='lat' dir='ltr'>Alcinous</span> <span class='ocrx_word' id='word_1_194' title='bbox 530 2921 635 2996; x_wconf 86' lang='lat' dir='ltr'>patris</span> <span class='ocrx_word' id='word_1_195' title='bbox 645 2921 814 2978; x_wconf 76' lang='lat' dir='ltr'>vaticinium</span> <span class='ocrx_word' id='word_1_196' title='bbox 826 2919 1008 2993; x_wconf 88' lang='lat' dir='ltr'>recordatus,</span> <span class='ocrx_word' id='word_1_197' title='bbox 1020 2918 1200 2978; x_wconf 87' lang='lat' dir='ltr'>sacrificium</span> <span class='ocrx_word' id='word_1_198' title='bbox 1211 2929 1345 2995; x_wconf 86' lang='lat' dir='ltr'>apparat.</span> 
     </span>
     <span class='ocr_line' id='line_1_25' title="bbox 265 3023 1342 3102; baseline -0.003 -15"><span class='ocrx_word' id='word_1_199' title='bbox 265 3026 371 3087; x_wconf 87' lang='lat' dir='ltr'>Ulixes</span> <span class='ocrx_word' id='word_1_200' title='bbox 403 3037 502 3085; x_wconf 90' lang='lat' dir='ltr'>autem</span> <span class='ocrx_word' id='word_1_201' title='bbox 535 3036 721 3102; x_wconf 84' lang='lat' dir='ltr'>experrectus</span> <span class='ocrx_word' id='word_1_202' title='bbox 748 3034 815 3101; x_wconf 91' lang='lat' dir='ltr'>post</span> <span class='ocrx_word' id='word_1_203' title='bbox 841 3023 1011 3084; x_wconf 88' lang='lat' dir='ltr'>diuturnam</span> <span class='ocrx_word' id='word_1_204' title='bbox 1033 3024 1196 3084; x_wconf 88' lang='lat' dir='ltr'>absentiam</span> <span class='ocrx_word' id='word_1_205' title='bbox 1217 3025 1342 3102; x_wconf 88' lang='lat' dir='ltr'>patriam</span> 
     </span>
     <span class='ocr_line' id='line_1_26' title="bbox 265 3129 1347 3208; baseline 0 -16"><span class='ocrx_word' id='word_1_206' title='bbox 265 3151 348 3192; x_wconf 89' lang='lat' dir='ltr'>suam</span> <span class='ocrx_word' id='word_1_207' title='bbox 370 3150 431 3191; x_wconf 91' lang='lat' dir='ltr'>non</span> <span class='ocrx_word' id='word_1_208' title='bbox 453 3129 603 3208; x_wconf 88' lang='lat' dir='ltr'>agnoscit;</span> <span class='ocrx_word' id='word_1_209' title='bbox 624 3151 692 3189; x_wconf 91' lang='lat' dir='ltr'>nam</span> <span class='ocrx_word' id='word_1_210' title='bbox 713 3133 771 3206; x_wconf 78' lang='lat' dir='ltr'>apsi</span> <span class='ocrx_word' id='word_1_211' title='bbox 790 3132 934 3190; x_wconf 87' lang='lat' dir='ltr'>Minerua</span> <span class='ocrx_word' id='word_1_212' title='bbox 956 3134 1089 3190; x_wconf 83' lang='lat' dir='ltr'>nebulam</span> <span class='ocrx_word' id='word_1_213' title='bbox 1110 3133 1347 3192; x_wconf 83' lang='lat' dir='ltr'>circumdederat</span> 
     </span>
     <span class='ocr_line' id='line_1_27' title="bbox 266 3236 1343 3314; baseline -0.001 -16"><span class='ocrx_word' id='word_1_214' title='bbox 266 3247 299 3298; x_wconf 90' lang='lat' dir='ltr'>nt</span> <span class='ocrx_word' id='word_1_215' title='bbox 318 3241 439 3313; x_wconf 79' lang='lat' dir='ltr'>agnosci</span> <span class='ocrx_word' id='word_1_216' title='bbox 458 3258 515 3296; x_wconf 91' lang='lat' dir='ltr'>non</span> <span class='ocrx_word' id='word_1_217' title='bbox 530 3246 639 3314; x_wconf 83' lang='lat' dir='ltr'>posset.</span> <span class='ocrx_word' id='word_1_218' title='bbox 674 3237 788 3312; x_wconf 86' lang='lat' dir='ltr'>Quidni</span> <span class='ocrx_word' id='word_1_219' title='bbox 809 3236 909 3313; x_wconf 86' lang='lat' dir='ltr'>potius</span> <span class='ocrx_word' id='word_1_220' title='bbox 930 3238 1009 3314; x_wconf 89' lang='lat' dir='ltr'>apud</span> <span class='ocrx_word' id='word_1_221' title='bbox 1031 3240 1181 3298; x_wconf 88' lang='lat' dir='ltr'>Phaeaces</span> <span class='ocrx_word' id='word_1_222' title='bbox 1205 3239 1343 3299; x_wconf 89' lang='lat' dir='ltr'>manserit</span> 
     </span>
     <span class='ocr_line' id='line_1_28' title="bbox 265 3345 1342 3422; baseline 0 -17"><span class='ocrx_word' id='word_1_223' title='bbox 265 3355 397 3406; x_wconf 90' lang='lat' dir='ltr'>moestus</span> <span class='ocrx_word' id='word_1_224' title='bbox 427 3345 555 3420; x_wconf 79' lang='lat' dir='ltr'>quaerit3</span> <span class='ocrx_word' id='word_1_225' title='bbox 587 3367 606 3404; x_wconf 91' lang='lat' dir='ltr'>a</span> <span class='ocrx_word' id='word_1_226' title='bbox 627 3347 812 3404; x_wconf 76' lang='lat' dir='ltr'>Phaeacibus</span> <span class='ocrx_word' id='word_1_227' title='bbox 831 3366 862 3404; x_wconf 84' lang='lat' dir='ltr'>se</span> <span class='ocrx_word' id='word_1_228' title='bbox 883 3347 1029 3422; x_wconf 87' lang='lat' dir='ltr'>deceptum</span> <span class='ocrx_word' id='word_1_229' title='bbox 1052 3350 1228 3422; x_wconf 76' lang='lat' dir='ltr'>expostulat.</span> <span class='ocrx_word' id='word_1_230' title='bbox 1270 3349 1342 3407; x_wconf 88' lang='lat' dir='ltr'>Mox</span> 
     </span>
     <span class='ocr_line' id='line_1_29' title="bbox 266 3451 1343 3530; baseline 0.001 -18"><span class='ocrx_word' id='word_1_231' title='bbox 266 3453 432 3512; x_wconf 90' lang='lat' dir='ltr'>Minervam</span> <span class='ocrx_word' id='word_1_232' title='bbox 464 3452 590 3528; x_wconf 84' lang='lat' dir='ltr'>pastoris</span> <span class='ocrx_word' id='word_1_233' title='bbox 622 3451 722 3528; x_wconf 90' lang='lat' dir='ltr'>specie</span> <span class='ocrx_word' id='word_1_234' title='bbox 755 3452 873 3511; x_wconf 90' lang='lat' dir='ltr'>obviam</span> <span class='ocrx_word' id='word_1_235' title='bbox 908 3453 965 3512; x_wconf 88' lang='lat' dir='ltr'>sihi</span> <span class='ocrx_word' id='word_1_236' title='bbox 996 3455 1103 3512; x_wconf 85' lang='lat' dir='ltr'>factam</span> <span class='ocrx_word' id='word_1_237' title='bbox 1135 3454 1343 3530; x_wconf 85' lang='lat' dir='ltr'>interrogat,e</span> 
     </span>
     <span class='ocr_line' id='line_1_30' title="bbox 265 3557 1343 3638; baseline 0 -19"><span class='ocrx_word' id='word_1_238' title='bbox 265 3560 354 3619; x_wconf 87' lang='lat' dir='ltr'>Creta</span> <span class='ocrx_word' id='word_1_239' title='bbox 374 3561 531 3638; x_wconf 83' lang='lat' dir='ltr'>profugum</span> <span class='ocrx_word' id='word_1_240' title='bbox 554 3579 583 3619; x_wconf 93' lang='lat' dir='ltr'>se</span> <span class='ocrx_word' id='word_1_241' title='bbox 605 3561 761 3636; x_wconf 80' lang='lat' dir='ltr'>professus,</span> <span class='ocrx_word' id='word_1_242' title='bbox 785 3557 953 3618; x_wconf 88' lang='lat' dir='ltr'>Calliditate</span> <span class='ocrx_word' id='word_1_243' title='bbox 976 3559 1038 3619; x_wconf 91' lang='lat' dir='ltr'>eius</span> <span class='ocrx_word' id='word_1_244' title='bbox 1058 3561 1179 3619; x_wconf 87' lang='lat' dir='ltr'>laudata</span> <span class='ocrx_word' id='word_1_245' title='bbox 1199 3561 1343 3628; x_wconf 86' lang='lat' dir='ltr'>Minerva,</span> 
     </span>
     <span class='ocr_line' id='line_1_31' title="bbox 266 3666 1344 3744; baseline 0.002 -19"><span class='ocrx_word' id='word_1_246' title='bbox 266 3668 399 3726; x_wconf 84' lang='lat' dir='ltr'>confessa</span> <span class='ocrx_word' id='word_1_247' title='bbox 433 3668 530 3740; x_wconf 68' lang='lat' dir='ltr'>deam,</span> <span class='ocrx_word' id='word_1_248' title='bbox 560 3666 634 3725; x_wconf 90' lang='lat' dir='ltr'>dicit</span> <span class='ocrx_word' id='word_1_249' title='bbox 655 3685 697 3744; x_wconf 83' lang='lat' dir='ltr'>se,</span> <span class='ocrx_word' id='word_1_250' title='bbox 718 3684 793 3741; x_wconf 89' lang='lat' dir='ltr'>quae</span> <span class='ocrx_word' id='word_1_251' title='bbox 815 3685 931 3742; x_wconf 85' lang='lat' dir='ltr'>semper</span> <span class='ocrx_word' id='word_1_252' title='bbox 953 3666 980 3725; x_wconf 93' lang='lat' dir='ltr'>ei</span> <span class='ocrx_word' id='word_1_253' title='bbox 1005 3678 1123 3743; x_wconf 89' lang='lat' dir='ltr'>praesto</span> <span class='ocrx_word' id='word_1_254' title='bbox 1146 3667 1239 3738; x_wconf 86' lang='lat' dir='ltr'>fuerit,</span> <span class='ocrx_word' id='word_1_255' title='bbox 1262 3687 1344 3727; x_wconf 92' lang='lat' dir='ltr'>nunc</span> 
     </span>
     <span class='ocr_line' id='line_1_32' title="bbox 265 3772 1344 3835; baseline 0.002 -4"><span class='ocrx_word' id='word_1_256' title='bbox 265 3773 381 3832; x_wconf 83' lang='lat' dir='ltr'>venisse</span> <span class='ocrx_word' id='word_1_257' title='bbox 408 3783 438 3832; x_wconf 90' lang='lat' dir='ltr'>ut</span> <span class='ocrx_word' id='word_1_258' title='bbox 460 3773 586 3834; x_wconf 88' lang='lat' dir='ltr'>consilia</span> <span class='ocrx_word' id='word_1_259' title='bbox 609 3791 677 3832; x_wconf 90' lang='lat' dir='ltr'>cum</span> <span class='ocrx_word' id='word_1_260' title='bbox 700 3792 736 3832; x_wconf 91' lang='lat' dir='ltr'>eo</span> <span class='ocrx_word' id='word_1_261' title='bbox 759 3773 893 3831; x_wconf 86' lang='lat' dir='ltr'>conferat</span> <span class='ocrx_word' id='word_1_262' title='bbox 913 3772 952 3832; x_wconf 91' lang='lat' dir='ltr'>de</span> <span class='ocrx_word' id='word_1_263' title='bbox 974 3773 1077 3832; x_wconf 88' lang='lat' dir='ltr'>futuris</span> <span class='ocrx_word' id='word_1_264' title='bbox 1098 3773 1210 3834; x_wconf 88' lang='lat' dir='ltr'>iniuriis</span> <span class='ocrx_word' id='word_1_265' title='bbox 1230 3774 1344 3835; x_wconf 84' lang='lat' dir='ltr'>fortiter</span> 
     </span>
     <span class='ocr_line' id='line_1_33' title="bbox 266 3880 1345 3959; baseline 0.004 -21"><span class='ocrx_word' id='word_1_266' title='bbox 266 3881 434 3940; x_wconf 90' lang='lat' dir='ltr'>tolerandis.</span> <span class='ocrx_word' id='word_1_267' title='bbox 478 3885 576 3959; x_wconf 83' lang='lat' dir='ltr'>Rogat</span> <span class='ocrx_word' id='word_1_268' title='bbox 600 3882 702 3941; x_wconf 84' lang='lat' dir='ltr'>Ulixes</span> <span class='ocrx_word' id='word_1_269' title='bbox 724 3899 777 3939; x_wconf 92' lang='lat' dir='ltr'>cur</span> <span class='ocrx_word' id='word_1_270' title='bbox 798 3898 961 3955; x_wconf 89' lang='lat' dir='ltr'>numquam</span> <span class='ocrx_word' id='word_1_271' title='bbox 983 3891 1070 3940; x_wconf 89' lang='lat' dir='ltr'>antea</span> <span class='ocrx_word' id='word_1_272' title='bbox 1088 3900 1154 3940; x_wconf 91' lang='lat' dir='ltr'>eam</span> <span class='ocrx_word' id='word_1_273' title='bbox 1169 3880 1290 3958; x_wconf 80' lang='lat' dir='ltr'>viderit3</span> <span class='ocrx_word' id='word_1_274' title='bbox 1305 3901 1345 3942; x_wconf 86' lang='lat' dir='ltr'>an</span> 
     </span>
     <span class='ocr_line' id='line_1_34' title="bbox 266 3987 1346 4063; baseline 0.003 -17"><span class='ocrx_word' id='word_1_275' title='bbox 266 3987 302 4046; x_wconf 91' lang='lat' dir='ltr'>sit</span> <span class='ocrx_word' id='word_1_276' title='bbox 322 4008 353 4047; x_wconf 89' lang='lat' dir='ltr'>re</span> <span class='ocrx_word' id='word_1_277' title='bbox 375 4008 445 4048; x_wconf 85' lang='lat' dir='ltr'>vera</span> <span class='ocrx_word' id='word_1_278' title='bbox 467 3989 570 4048; x_wconf 87' lang='lat' dir='ltr'>Ithaca</span> <span class='ocrx_word' id='word_1_279' title='bbox 590 3998 668 4047; x_wconf 91' lang='lat' dir='ltr'>terra</span> <span class='ocrx_word' id='word_1_280' title='bbox 690 3987 720 4046; x_wconf 92' lang='lat' dir='ltr'>in</span> <span class='ocrx_word' id='word_1_281' title='bbox 744 4004 833 4062; x_wconf 90' lang='lat' dir='ltr'>quam</span> <span class='ocrx_word' id='word_1_282' title='bbox 855 3987 1031 4063; x_wconf 90' lang='lat' dir='ltr'>pervenerit.</span> <span class='ocrx_word' id='word_1_283' title='bbox 1075 3987 1131 4046; x_wconf 89' lang='lat' dir='ltr'>Illa</span> <span class='ocrx_word' id='word_1_284' title='bbox 1152 4008 1220 4048; x_wconf 90' lang='lat' dir='ltr'>eum</span> <span class='ocrx_word' id='word_1_285' title='bbox 1242 3988 1346 4049; x_wconf 89' lang='lat' dir='ltr'>laudat</span> 
     </span>
    </p>
   </div>
   <div class='ocr_carea' id='block_1_3' title="bbox 304 4203 1150 4276">
    <p class='ocr_par' dir='ltr' id='par_1_4' title="bbox 304 4203 1150 4276">
     <span class='ocr_line' id='line_1_35' title="bbox 304 4203 1150 4276; baseline 0.002 -20"><span class='ocrx_word' id='word_1_286' title='bbox 304 4210 326 4270; x_wconf 88' lang='lat'>1)</span> <span class='ocrx_word' id='word_1_287' title='bbox 345 4229 360 4258; x_wconf 78' lang='lat' dir='ltr'>r</span> <span class='ocrx_word' id='word_1_288' title='bbox 377 4224 410 4272; x_wconf 87' lang='lat'>42</span> <span class='ocrx_word' id='word_1_289' title='bbox 432 4226 470 4276; x_wconf 89' lang='lat' dir='ltr'>sq.</span> <span class='ocrx_word' id='word_1_290' title='bbox 489 4207 613 4271; x_wconf 72' lang='lat' dir='ltr'>uiuiparos</span> <span class='ocrx_word' id='word_1_291' title='bbox 634 4203 739 4258; x_wconf 74' lang='lat' dir='ltr'>d’o’i&#39;nou</span> <span class='ocrx_word' id='word_1_292' title='bbox 757 4206 863 4258; x_wconf 78' lang='grc' dir='ltr'><strong><em>ἄκοιτιν</em></strong></span> <span class='ocrx_word' id='word_1_293' title='bbox 884 4207 1025 4275; x_wconf 80' lang='grc' dir='ltr'><em>Νοστήσας</em></span> <span class='ocrx_word' id='word_1_294' title='bbox 1045 4209 1150 4275; x_wconf 69' lang='grc' dir='ltr'><strong><em>εὕροιμι</em></strong></span> 
     </span>
    </p>
   </div>
   <div class='ocr_carea' id='block_1_4' title="bbox 0 0 1477 4884">
    <p class='ocr_par' dir='ltr' id='par_1_5' title="bbox 0 0 1477 4884">
     <span class='ocr_line' id='line_1_36' title="bbox 0 0 1477 4884; baseline 0 0"><span class='ocrx_word' id='word_1_295' title='bbox 0 0 1477 4884; x_wconf 95' lang='lat' dir='ltr'> </span> 
     </span>
    </p>
   </div>
  </div>
 </body>
</html>
