2884 4880
580 407 636 463 129

563 569 649 628 XIII.

107 704 183 764 Ibid.
207 707 243 763 I:
260 707 277 764 6
294 723 301 761 :
320 723 333 762 1
357 723 400 779 sq.
422 687 511 766 οὗτοι
537 708 765 783 προϊόντες
790 703 889 767 ἔκαον
907 705 961 765 καί
981 701 1073 787 χίλον
1090 706 1144 766 καί

68 819 128 882 ε’ίτι
164 817 246 882 ἄλλο
285 825 437 903 χρήσιμον
474 815 523 898 ἦν
571 813 728 898 Ὀρόντας
765 816 798 880 δι’
818 861 1010 882 ........
1051 819 1146 901 Κόρῳ

67 929 262 998 εἷπεν....
297 933 348 996 ότι
381 934 454 1006 τούς
479 940 881 1013 προκατακάοντας....
916 931 1064 997 κωλιίσειε
1090 935 1145 996 τοῦ

68 1054 159 1113 κάειν
184 1051 338 1121 ἐπιόντας
363 1044 455 1110 κ.τ.λ.

109 1168 166 1223 Pro
188 1169 356 1246 προϊόντες
377 1164 538 1241 legendum
560 1164 758 1243 προσιόντες.

572 1349 653 1406 XIV.

109 1509 188 1568 Ibid.
208 1511 221 1566 Ι
237 1529 243 1566 :
260 1529 277 1585 9
294 1527 300 1564 :
319 1528 355 1586 ²9
373 1509 461 1586 παρὰ
477 1509 536 1587 μὲν
554 1508 614 1585 γὰρ
633 1507 741 1586 Κιίρου
758 1550 765 1567 .
780 1547 809 1567 ..
831 1503 937 1578 οὐδεὶς
956 1506 1053 1588 όπῄει
1071 1505 1148 1585 πρόι,Ι

65 1622 217 1708 βασιλέα,
255 1621 340 1702 πλὴν
376 1621 531 1704 Ὀρόντας
568 1623 783 1706 ἐπεχείρησεν.
820 1624 875 1684 καί
911 1608 1004 1694 οὗτος
1040 1618 1078 1698 δὴ
1110 1621 1147 1682 όν

65 1745 150 1824 ᾤετο
187 1744 301 1802 πιστόν
338 1741 370 1802 οἱ
405 1733 489 1802 εἶναι
524 1736 628 1822 ταχό
655 1739 754 1802 αυτόν
780 1725 849 1818 εόρε
875 1741 972 1817 Κόρα)
996 1729 1148 1814 φίλτερον

65 1861 87 1936 ἤ
114 1858 231 1935 ἑαυτῷ.

112 1970 288 2028 Mutandum
311 1971 392 2054 ταχό
416 1967 446 2026 in
468 1963 538 2053 τάχ’
564 1972 617 2031 ἄν.

575 2139 642 2199 XV.

113 2301 191 2361 Ibid.
226 2303 299 2360 IV:
333 2323 380 2359 2:
414 2321 458 2360 12.
501 2303 556 2362 καί
593 2306 707 2365 τοῦτόν
744 2326 776 2364 τε
813 2297 1083 2383 παρεληλύθεσαν
1122 2299 1155 2360 οἱ

65 2412 232 2494 Ἕλληνες
256 2418 311 2478 καί
336 2411 446 2493 Γἕτερον
473 2413 560 2498 (γὰρ)
585 2420 701 2496 ὁρῶσιν
727 2416 911 2497 ἔμπροσθεν
939 2413 1040 2495 λόφον
1059 2437 1152 2476 κατε·

66 2535 221 2614 χόμενον,
246 2532 298 2592 ε’πί
323 2536 438 2594 τοῦτον
464 2521 564 2603 αὖθις
589 2527 693 2594 ἐδόκει
716 2533 927 2612 πορεύεσθαι.

114 2639 277 2700 Inserenda
298 2639 442 2716 particula
463 2641 579 2700 uncInis
603 2641 727 2700 inclusa.

566 2824 650 2882 XVI.

114 2983 255 3057 Xenoph.
277 2983 398 3040 Hellen.
413 2985 442 3042 II
457 3008 462 3040 :
480 3003 497 3060 3
515 2985 576 3056 :48
598 2985 633 3046 τό
657 2981 770 3065 μέντοι
793 2985 850 3047 σόν
868 2988 936 3056 τοῖς
955 2981 1152 3063 δυναμένοις

66 3096 129 3158 καί
153 3091 226 3174 μεθ’
251 3095 361 3160 ἳππων
387 3099 442 3158 καί
466 3091 535 3176 μετ’
559 3096 705 3161 α’σπίόων
731 3095 867 3174 ὠφελεῖν
894 3095 963 3158 διό
993 3100 1151 3160 τουτων

65 3214 133 3288 τὴν
170 3207 340 3274 πολιτείαν
373 3217 515 3293 πρόσθεν
540 3207 707 3293 τ’ἄριστον
732 3215 876 3293 ήμοιίμην
902 3204 988 3274 εἶναι
1013 3213 1067 3273 καί
1093 3212 1152 3274 νῦν

67 3322 110 3388 οὐ
135 3321 393 3407 μεταβάλλομαι.

116 3440 173 3497 Pro
205 3436 260 3500 διὰ
296 3442 419 3504 τούτων
452 3443 609 3518 legendum
644 3441 845 3514 διατάττειν,
881 3441 935 3501 nisi
956 3441 1056 3519 potius
1076 3451 1155 3501 totus

67 3553 160 3609 locus
181 3569 236 3625 pro
258 3549 357 3626 spurio
378 3551 536 3611 habendus
557 3562 609 3611 est.

567 3706 666 3767 XVII.

116 3865 213 3932 Plato,
247 3865 330 3926 Crito
351 3887 379 3942 p.
403 3884 438 3944 51
462 3869 500 3930 D.
522 3867 605 3945 ὅμως
630 3871 889 3948 προαγορεύομεν
922 3863 978 3947 [τῷ
1005 3867 1154 3940 ἐξουσίαν

68 3979 305 4062 πεποιηκέναι]
329 3974 529 4064 Ἀθηναίων
547 3987 591 4062 τῷ
609 3978 852 4064 βουλομένῳ...
872 3982 993 4056 ἐξεῖναι
1011 3979 1156 4064 λαβόντα

70 4096 117 4159 τὰ
143 4096 242 4159 αὑτοῦ
267 4095 402 4160 α’πιὲναι
428 4096 503 4158 ὅποι
529 4101 572 4160 ἄν
598 4092 768 4177 βούληται.

118 4207 282 4268 Deleantur
303 4209 395 4266 verba
416 4206 533 4266 uncinis
554 4205 678 4266 inclusa.
