2928 4886
627 431 659 470 11

98 590 296 667 petulantiam
328 589 454 650 veritum
476 608 508 649 se
530 599 619 668 negat
641 592 725 652 domi
747 610 816 652 suae
838 611 905 651 eum
928 591 1064 668 excipere
1087 611 1182 669 posse.

97 701 148 758 De
182 697 288 775 quibus
320 700 474 757 consultus
502 700 540 758 ab
562 697 688 774 hospite,
720 717 804 756 suam
826 695 1026 756 infirmitatem
1049 707 1182 756 excusat:

97 824 132 864 se
166 804 246 864 enirn
280 803 375 865 Ulixis
406 804 499 864 filium
533 805 657 878 unicum
689 803 828 885 (singulis
849 807 923 863 enim
946 805 1047 863 liberis
1070 816 1184 880 semper

96 915 245 987 insignem
276 913 369 984 fuisse
400 915 520 972 Arcesii
548 915 679 989 stirpem)
711 911 856 987 imparem
883 930 946 970 esse
978 920 1022 971 tot
1042 911 1183 971 inimicis,

98 1019 179 1077 Inde
209 1021 376 1078 Eumaeum
411 1018 450 1077 ad
482 1029 606 1079 matrem
632 1018 728 1087 mittit,
762 1018 831 1077 huic
852 1019 904 1078 uni
926 1020 1085 1078 relaturum
1105 1018 1181 1079 redi-

99 1137 165 1184 tum
203 1143 299 1204 suum,
335 1123 370 1184 de
400 1145 456 1203 que
491 1129 545 1185 illa
574 1135 674 1204 perro
709 1127 852 1186 Laertem
887 1129 1041 1186 certiorem
1068 1130 1182 1198 saciat.

98 1233 243 1291 Profecto
276 1235 410 1292 Eumaeo
441 1233 551 1309 hospiti
585 1253 602 1290 a
635 1231 771 1292 Minerva
804 1250 856 1292 sua
886 1233 981 1292 forma
1007 1233 1166 1292 restituitur
1174 1255 1182 1307 ;

97 1358 162 1415 qua
199 1338 315 1416 agnitus
349 1358 366 1396 a
397 1338 459 1397 filio
491 1338 529 1397 de
562 1340 653 1399 caede
685 1356 845 1416 procorum
875 1359 943 1398 cum
976 1359 1013 1400 eo
1045 1340 1181 1399 consulit.

98 1448 203 1504 Docet
234 1445 340 1506 Ulixes
371 1445 462 1504 filium
495 1463 579 1505 suurn
607 1446 743 1523 quamvis
771 1463 910 1523 magnum
935 1465 1092 1506 numerum
1113 1466 1182 1524 pro-

98 1571 205 1611 corum
229 1553 319 1629 (filius
343 1554 443 1613 CVIII
464 1552 610 1633 numerat)
632 1564 762 1612 metuere
778 1553 860 1629 ipsos
875 1572 938 1612 non
953 1554 1072 1630 debere,
1094 1555 1183 1613 fretos

98 1659 213 1718 auxilio
228 1659 308 1718 Iovis
323 1670 351 1718 et
367 1659 531 1719 Minervae.
553 1663 658 1735 Itaque
673 1679 737 1718 cras
752 1661 790 1718 ab
805 1663 939 1719 Eumaeo
954 1679 985 1720 se
999 1660 1183 1720 conductum

97 1769 158 1826 sub
191 1765 323 1826 mendici
354 1766 453 1844 specie
485 1778 667 1827 versaturum
700 1767 776 1826 inter
800 1786 916 1844 procos
947 1785 1074 1843 quorum
1096 1769 1182 1826 Tele·

97 1876 227 1934 machus
256 1874 376 1954 ¹fortiter
396 1875 590 1960 petulantiam
612 1876 694 1942 ferat,
718 1876 811 1935 verbo
834 1884 919 1934 tenus
940 1893 992 1934 eos
1013 1875 1182 1951 reprimens.

97 1984 192 2043 Certo
225 1983 357 2057 quodam
391 1981 531 2058 temporis
562 1992 717 2041 momento
750 1981 836 2059 signo
862 1983 901 2040 ab
922 1981 988 2058 ipso
1011 1981 1082 2040 dato
1103 2001 1185 2040 arma

96 2109 136 2148 ex
169 2087 309 2152 conclavi
339 2087 515 2162 abscondat,
551 2087 659 2147 relictis
692 2087 797 2165 gladiis
830 2087 919 2146 hastis
946 2089 1035 2146 scutis
1057 2088 1183 2154 duobus,

96 2194 212 2274 quibus
235 2195 333 2255 subito
354 2195 468 2273 impetu
489 2216 597 2273 procos
619 2198 757 2256 obruant.
780 2198 920 2257 Ceterum
944 2207 1050 2255 caveat
1071 2216 1109 2255 ne
1123 2195 1183 2255 cui·

96 2320 193 2380 quam
214 2302 346 2363 enuntiet
368 2323 399 2362 se
422 2304 550 2378 redisse3
572 2304 654 2380 prius
677 2304 756 2363 enim
771 2306 848 2362 clam
863 2304 1017 2380 explorare
1032 2321 1182 2362 servorum

96 2419 127 2468 et
154 2408 327 2468 ancillarum
350 2409 466 2470 animos
487 2431 519 2470 se
542 2431 658 2488 cupere.
695 2413 742 2470 De
765 2411 856 2470 servis
878 2422 976 2470 autem
1001 2409 1183 2487 temptandis

96 2514 254 2574 dissuadet
285 2516 372 2575 filius.
406 2520 523 2577 Interea
555 2519 638 2576 navis
670 2517 845 2577 Telemachi
874 2518 986 2595 ePylo
1008 2516 1040 2575 in
1064 2527 1182 2593 portum

95 2623 220 2681 Ithacae
242 2622 325 2681 urbis
347 2624 486 2698 advenit;
508 2642 567 2701 qua
588 2644 624 2683 ex
646 2644 721 2683 nave
745 2623 864 2684 nuntius
885 2627 928 2682 ita
948 2636 982 2684 nt
1000 2625 1184 2683 Telemachus

95 2731 230 2788 iusserat
249 2729 287 2788 ad
310 2732 492 2806 Penelopem
511 2731 617 2792 missus
629 2732 755 2791 occurrit
770 2734 905 2791 Eumaeo
917 2731 997 2790 idem
1009 2730 1183 2790 mandatum

95 2844 254 2910 peracturo
278 2836 317 2919 (π
335 2857 393 2913 333
410 2838 475 2916 sq.).
491 2839 553 2896 Hic
564 2841 648 2909 clam,
663 2839 713 2897 ille
723 2841 829 2914 palam
841 2838 877 2896 de
894 2837 993 2897 reditu
1008 2837 1182 2896 Telemachi

96 2941 276 3021 significant.
316 2944 384 3018 Qua
405 2962 436 3002 re
460 2944 561 3003 audita
583 2944 665 3021 proci
687 2944 788 3003 animo
813 2945 1036 3021 despondentes
1057 2963 1125 3002 cum
1146 2943 1183 3002 iis

96 3048 152 3125 qui
187 3068 223 3107 ex
255 3047 369 3109 insidiis
403 3049 552 3108 redierunt
583 3049 614 3109 in
646 3056 711 3110 loro
741 3050 897 3110 concilium
920 3063 1020 3128 agunt.
1063 3053 1098 3109 In
1121 3069 1182 3127 quo

97 3154 250 3214 Antinous
272 3156 310 3215 de
332 3156 446 3215 insidiis
468 3156 608 3216 frustratis
629 3159 761 3216 referens
776 3157 918 3234 proponit
929 3137 1145 3217 Telemachum
1152 3158 1182 3216 in

98 3262 178 3340 agris
209 3273 373 3320 versantem
407 3261 561 3341 occidere3
599 3275 666 3339 post
697 3282 787 3339 quem
819 3264 1055 3341 Amphinomus,
1086 3267 1181 3324 Pene-

97 3371 190 3447 lopae
222 3381 341 3447 propter
372 3369 631 3429 mansuetudinem
661 3369 857 3447 gratissimus,
890 3371 968 3443 Iovis
1000 3372 1182 3431 voluntatem

98 3477 315 3554 explorandam
338 3495 402 3536 esse
425 3487 544 3550 censet3
568 3494 628 3551 quo
651 3475 777 3536 consilio
799 3479 926 3552 probato
948 3478 1033 3555 proci
1057 3479 1181 3538 domum

99 3581 198 3644 Ulixis
220 3585 340 3643 abeunt.
362 3584 415 3642 Ad
433 3603 480 3642 eos
501 3585 647 3643 descendit
668 3586 813 3661 Penelope
834 3602 851 3641 a
873 3603 1023 3660 praecone
1035 3585 1181 3644 Medonte

100 3691 140 3750 de
168 3689 221 3748 filii
242 3691 377 3766 periculo
401 3690 509 3751 certior
531 3692 625 3759 facta;
661 3708 827 3767 quaecum
851 3689 1016 3750 Antinoum
1038 3689 1182 3767 imprimis

100 3797 240 3875 obiurget
271 3808 303 3856 ut
335 3796 516 3880 Telemacho
547 3795 746 3873 insidiantem
779 3797 941 3872 respondet
967 3796 1182 3858 dissimulando

100 3905 326 3980 Eurymachus;
360 3903 472 3964 deinde
506 3903 658 3980 Penelope
695 3903 784 3981 redit,
815 3906 863 3962 cui
886 3904 1030 3962 Minerva
1052 3924 1181 3962 semmam

100 4012 204 4086 affert.
249 4010 372 4087 Vesperi
405 4013 555 4070 Eumaeus
589 4011 714 4070 domum
749 4027 895 4087 regressus
927 4009 1047 4071 Ulixem
1082 4010 1181 4069 denuo

102 4118 335 4192 transfiguratum
370 4116 495 4176 offendit
527 4127 556 4175 et
588 4117 777 4177 Telemacho
810 4117 848 4175 de
882 4115 1000 4176 insidiis
1021 4134 1180 4193 procorum

103 4222 243 4283 frustratis
264 4224 362 4298 refert,
384 4221 434 4301 qui
456 4221 615 4282 subridens
637 4234 752 4300 patrem
768 4224 908 4284 intuetur.
935 4223 1082 4284 Postridie
1095 4243 1181 4283 mane
