2928 4886
829 415 866 475 30

304 599 335 638 se
357 580 536 638 cohaereant
558 577 611 654 (ita
631 587 663 636 ut
683 597 744 636 una
764 579 880 637 sublata
902 579 1002 653 plures
1023 575 1108 635 simul
1126 577 1281 637 notandae
1297 590 1394 657 atque

304 684 458 744 eiciendae
489 684 557 759 sint)
587 694 616 742 et
636 686 768 743 sublatae
788 704 851 743 non
873 695 972 742 tamen
994 681 1118 742 omnino
1141 683 1279 743 ordinem
1305 687 1394 746 resti·

304 800 395 850 tuant.
411 790 481 850 Elius
493 789 572 848 enim
582 789 785 867 interpolandi
795 790 909 869 generis
922 809 978 849 nec
989 789 1063 849 ratio
1075 808 1130 848 nec
1140 790 1251 849 modus
1262 806 1395 868 apparet

303 917 401 975 neque
422 897 451 956 in
474 896 539 956 aliis
553 897 734 956 carminibus
749 909 798 956 aut
810 897 891 973 apud
906 895 979 955 alias
994 905 1097 972 gentes
1110 895 1204 956 simile
1219 897 1394 973 quicquam

304 1003 428 1064 obvium
451 1014 510 1077 est;
531 1023 609 1080 quae
627 1004 769 1080 cogitatio
791 1004 864 1062 mihi
880 1002 1004 1080 quidem
1015 1013 1046 1061 ut
1060 1020 1177 1078 prorsus
1193 1004 1391 1064 Kirchhoffio

305 1110 460 1171 assentirer
481 1110 634 1186 persuasit.

345 1221 382 1278 Α.
414 1218 584 1292 Kr'rclzlroff
609 1223 638 1275 a'
673 1221 750 1293 1859
776 1217 858 1276 edito
879 1233 946 1274 cum
969 1215 1109 1275 brevibus
1133 1217 1393 1292 explicationibus

305 1325 457 1401 Odysseae
486 1335 574 1394 textu,
605 1322 644 1380 ad
676 1335 807 1382 mentem
837 1343 921 1382 suam
943 1323 1108 1381 secundum
1131 1325 1393 1401 compositionem

304 1432 336 1490 in
367 1442 464 1508 partes
497 1430 602 1498 diviso,
634 1430 741 1488 multas
773 1450 839 1489 suas
870 1429 1086 1505 disputationes
1111 1429 1221 1490 deinde
1243 1432 1336 1492 variis
1360 1435 1394 1493 11

304 1537 463 1597 annalibus
484 1539 648 1596 collocatas
671 1553 699 1594 a⁰
717 1540 793 1615 1869
809 1537 949 1596 inunum
963 1537 1102 1596 volumen
1117 1536 1277 1612 contraxit,
1301 1541 1394 1614 quod

305 1651 334 1703 a'
349 1648 425 1721 1879
435 1643 542 1702 iterum
555 1641 669 1701 editum
680 1641 864 1702 inscribitur:
881 1642 950 1711 „die
963 1643 1157 1703 Homerische
1173 1644 1344 1720 Odyssee.”
1356 1650 1393 1705 In

303 1751 486 1828 praefatione
501 1750 677 1810 sententiam
688 1769 772 1808 suam
785 1749 823 1808 de
837 1749 1056 1826 compositione
1069 1750 1393 1829 Odysseae'exposuit,

303 1877 393 1936 quam
415 1857 659 1916 annotationibus
680 1856 830 1933 perpetuis
852 1857 887 1914 ad
911 1867 1023 1916 textum
1043 1867 1073 1916 et
1093 1859 1137 1915 VI
1160 1860 1392 1918 commentariis

241 1980 245 2002 t
305 1965 442 2041 explicat.
466 1963 537 2023 Eius
555 1975 653 2022 autem
674 1965 750 2022 haec
772 1980 887 2022 summa
908 1974 965 2023 est:
991 1964 1158 2040 Odysseam
1179 1964 1283 2023 litteris
1299 1985 1391 2025 man-

304 2073 404 2130 datam
426 2091 488 2130 esse
510 2071 590 2130 iussu
604 2069 744 2128 Pisistrati
756 2090 773 2128 a
787 2069 856 2128 viris
872 2069 964 2141 lectis,
987 2069 1038 2147 qui
1049 2069 1234 2146 paucissimis
1249 2072 1391 2133 versibus

304 2177 427 2237 adiectis
448 2177 478 2234 in
500 2193 584 2236 suum
606 2194 691 2234 usum
713 2178 922 2234 transtulerunt
945 2175 1190 2253 compilationem
1215 2179 1389 2256 cuiusdam,

304 2303 393 2360 quem
403 2283 566 2344 Kirchhoff
573 2282 652 2358 „den
663 2281 854 2342 Bearbeiter''
866 2303 921 2343 nos
933 2283 1186 2352 „diasceuastam”
1197 2286 1390 2347 vocabimus.

304 2395 333 2451 Is
364 2391 465 2450 iudice
487 2390 674 2450 Kirclrhoffro
699 2406 782 2448 suam
804 2389 1049 2466 compilationem
1071 2392 1150 2450 circa
1171 2393 1388 2469 Olympiadem

303 2498 391 2556 XXX
423 2497 520 2556 effecit
555 2506 665 2555 mutata
707 2506 736 2555 et
772 2495 897 2557 dimidio
935 2497 1061 2573 amplius
1095 2509 1184 2558 aucta
1215 2501 1389 2576 antiquiore

303 2603 489 2677 recensione,
520 2616 552 2663 ut
584 2603 656 2662 alias
689 2602 871 2662 narrationes
902 2604 941 2663 ad
974 2605 1105 2664 fabulam
1141 2606 1269 2665 eandem
1294 2610 1388 2684 perti·

304 2720 410 2770 nentes
450 2711 559 2769 addere
597 2719 626 2768 et
666 2721 762 2770 toturn
801 2729 919 2770 carmen
955 2721 1023 2788 apte
1057 2712 1237 2772 concludere
1271 2729 1388 2791 posset.

305 2817 402 2876 Huius
412 2835 500 2893 porro
511 2816 746 2887 fundamentum,
758 2817 954 2893 antiquiorem
967 2817 1048 2876 illam
1060 2819 1274 2896 recensionem,
1285 2822 1387 2898 ipsam

303 2933 403 2984 natam
435 2943 499 2984 esse
527 2943 563 2982 ex
588 2924 790 3002 antiquissima
814 2937 897 3002 parte
923 2926 1074 3002 Odysseae
1096 2962 1136 2972 -
1150 2907 1255 2988 ¹vetere
1278 2933 1387 3011 νόστῳ

304 3033 401 3093 Ulixis
432 3068 471 3078 —
503 3033 695 3092 coniunctam
724 3053 793 3093 cum
817 3037 1015 3111 supplemento
1038 3054 1083 3094 res
1105 3034 1137 3093 in
1158 3037 1261 3095 Ithaca
1282 3037 1388 3098 insula

303 3149 400 3218 gestas
423 3138 599 3198 continenti.
637 3139 855 3215 Antiquissima
877 3151 976 3199 autem
998 3160 1064 3216 pars
1086 3143 1250 3202 secundum
1270 3145 1386 3205 Kirch-

303 3248 428 3305 hoffium
450 3246 623 3307 continebat
643 3247 698 3307 iter
713 3246 805 3307 Ulixis
816 3267 834 3305 a
845 3248 976 3324 Calypso
988 3248 1027 3307 ad
1040 3249 1198 3324 Phaeaces,
1219 3251 1385 3312 adventum

305 3353 336 3412 in
350 3353 514 3429 Scheriam,
525 3353 724 3414 narrationem
739 3355 776 3413 ad
792 3353 953 3413 Alcinoum
967 3357 978 3431 (
991 3359 1038 3431 ¹t),
1049 3355 1177 3416 reditum
1187 3356 1217 3416 in
1229 3358 1383 3432 Ithacam;

305 3458 462 3518 finiebatur
492 3460 567 3520 libro
595 3483 609 3512 v
642 3481 726 3520 versu
764 3462 819 3534 184
841 3454 895 3536 (ὦς
918 3466 1031 3544 ἔφαθ’,
1058 3471 1090 3531 οἳ
1110 3465 1385 3545 ultumam-

303 3575 467 3650 μάσσαντο
489 3568 522 3633 δὲ
549 3565 712 3654 ταύρους),
736 3565 860 3626 condita
881 3578 923 3626 est
938 3580 1007 3628 ante
1022 3569 1148 3646 primam
1160 3571 1383 3647 Olympiadem.

305 3673 407 3731 Unum
429 3684 531 3733 autem
553 3685 583 3733 et
605 3674 732 3750 simplex
752 3675 833 3733 hanc
854 3685 966 3750 partem
989 3676 1062 3735 dicit
1082 3697 1153 3743 esse.
1174 3677 1268 3736 iustae
1289 3697 1382 3755 quam

305 3780 482 3842 recentiores
503 3793 614 3842 vocant
639 3788 810 3858 ἐποποιίας
834 3794 968 3842 naturam
984 3786 1106 3844 habens.
1128 3787 1383 3864 Supplementum,

306 3889 560 3964 quemadmodum
583 3908 693 3948 nomen
715 3889 810 3966 ipsum
833 3890 975 3970 declarat,
996 3894 1135 3953 absoluto
1152 3894 1273 3952 demum
1287 3897 1383 3955 altera

306 4005 387 4072 parte
404 3998 574 4055 consectum
596 4015 658 4054 esse
670 3996 804 4076 pluribus
816 3998 994 4058 carminibus
1006 3999 1100 4076 epicis
1112 4001 1150 4060 de
1162 4001 1262 4059 fabula
1274 4001 1381 4063 Ulixea

305 4099 379 4160 inter
414 4121 444 4160 se
477 4101 593 4176 iunctis,
625 4103 666 4162 ita
696 4114 795 4164 tamen
829 4116 941 4165 utnon
969 4108 1057 4182 plane
1083 4107 1247 4168 coaluerint
1254 4129 1262 4182 ς
1296 4111 1381 4170 unde

307 4208 450 4284 explicari
481 4209 564 4285 quod
596 4230 641 4270 res
670 4223 804 4271 narratae
836 4231 897 4272 non
924 4233 1041 4290 semper
1071 4215 1128 4274 sibi
1160 4226 1298 4275 constent
1320 4235 1380 4278 nec
