2884 4880
573 395 626 439 101

94 561 253 640 antiquiorem
280 557 444 634 materiam,
467 557 599 617 fabulam
621 555 660 616 de
682 556 780 630 Circe,
802 567 925 634 apparet
946 558 1137 617 reformatam

92 689 146 729 esse
169 688 183 728 a
206 677 287 744 poeta
318 665 357 726 ad
390 665 558 740 exemplum
591 662 768 722 narrationis
805 664 844 723 de
877 664 1023 741 Calypso;
1059 683 1137 740 quae

91 795 144 834 non
169 775 199 834 ab
226 771 336 852 origine
368 772 492 832 Ulixeae
524 771 642 830 fabulae
674 790 741 847 pars
761 770 825 844 suit,
858 783 890 832 ut
912 783 1033 831 testator
1055 774 1139 832 locus

89 909 103 939 τ
129 899 175 957 273
202 890 271 952 cett,
304 878 355 938 ubi
380 881 410 936 in
432 877 490 938 suis
512 877 661 938 erroribus
683 877 884 938 memorandis
906 878 1013 939 omittit
1035 879 1139 939 Ulixes

88 985 243 1046 mentionem
264 985 417 1061 Calypsus.
459 986 523 1042 Iam
546 983 616 1042 inde
637 1003 655 1042 a
676 984 843 1044 narratione
865 984 904 1044 de
928 985 1013 1045 Circe
1035 986 1139 1046 omnia

85 1094 112 1153 in
141 1119 185 1162 aa
205 1093 374 1151 cohaerent:
400 1109 461 1168 quo
483 1091 515 1149 tit
538 1100 570 1149 ut
591 1090 787 1151 Wilamowitz
809 1090 986 1151 Kirchhoffii
1008 1092 1046 1151 de
1068 1093 1138 1151 loco

82 1229 99 1268 μ
127 1201 176 1277 389
201 1208 260 1258 cett.
283 1197 522 1258 observationem
544 1207 675 1274 secutus,
694 1200 750 1258 hos
771 1197 862 1258 libros
884 1198 923 1257 ad
944 1199 1138 1260 recentiorem

80 1311 198 1374 Nomas
217 1305 358 1383 pertinere
380 1305 472 1382 dicat,
493 1303 566 1366 olim
590 1325 651 1366 non
676 1307 714 1365 ab
737 1304 826 1367 Ulixe
849 1305 915 1382 ipso
937 1305 1028 1365 seda
1050 1318 1140 1383 poeta

79 1414 115 1472 de
134 1413 208 1474 Ulixe
228 1411 311 1472 tertia
332 1431 461 1488 persona
481 1422 642 1471 narratum.
675 1415 709 1472 In
733 1430 794 1490 quo
819 1419 941 1500 Νόστῳ
955 1430 1021 1471 cum
1038 1413 1140 1473 Ulixes

75 1541 92 1582 e
123 1519 258 1598 Charybdi
290 1529 420 1580 servatus
446 1516 557 1578 auxilio
580 1517 734 1579 Minervae
757 1519 789 1578 in
811 1519 961 1580 Scheriam
985 1520 1138 1596 pervenire

74 1627 205 1699 debuerit,
237 1645 359 1686 necesse
393 1636 437 1685 est
468 1625 530 1686 eius
561 1625 735 1685 narrationis
764 1625 796 1685 in
824 1626 901 1685 libro
935 1650 948 1682 a
984 1626 1140 1703 vestigium

70 1753 227 1811 superesse:
258 1734 346 1808 quale
378 1752 410 1792 re
441 1752 510 1792 vera
542 1733 572 1792 in
605 1752 642 1792 eo
675 1733 802 1810 reperire
833 1733 889 1792 sibi
913 1731 1027 1792 videtur
1049 1733 1138 1793 Wila·

68 1839 179 1900 mowitz
215 1841 297 1918 quod
335 1840 498 1900 coniuncto
539 1841 727 1900 Leucotheae
766 1850 796 1900 et
836 1839 991 1899 Minervae
1030 1839 1140 1900 auxilio

66 1947 158 2008 oratio
184 1948 407 2024 quodammodo
436 1948 554 2008 turbata
575 1946 621 2021 sit,
651 1957 683 2006 ut
705 1956 845 2023 appareat
869 1966 905 2006 ex
926 1973 939 2006 ε
960 1949 1019 2024 358
1042 1946 1139 2036 (ἀλλὰ

62 2054 139 2140 μάλ’
174 2060 259 2122 οὔπω
294 2055 420 2140 πείσομ’
455 2053 537 2135 cett.)
580 2055 639 2114 Cur
667 2053 758 2132 enim,
787 2053 892 2129 inquit,
925 2074 987 2115 non
1010 2056 1141 2136 sequitur

60 2162 163 2224 Ulixes
194 2163 385 2221 Leucotheae
418 2160 575 2220 consilinm
604 2161 642 2220 de
663 2160 792 2220 vestibus
813 2160 976 2222 abiciendis
998 2199 1037 2208 -
1061 2183 1139 2242 quae

58 2271 118 2329 iarn
151 2288 234 2329 versu
260 2293 273 2324 c
295 2287 351 2344 321
376 2287 499 2347 gravare
521 2285 589 2327 eum
611 2267 750 2327 dicuntur
770 2304 811 2312 -
832 2268 887 2328 sed
909 2281 1046 2346 expectat
1068 2271 1139 2329 dum

54 2389 119 2438 rate
153 2377 282 2436 discussa
316 2377 398 2435 nulla
428 2396 460 2436 re
495 2375 549 2436 nisi
582 2375 666 2453 tigno
691 2375 760 2435 ratis
782 2375 980 2436 sustineatur?
1021 2377 1141 2437 Deinde

52 2503 124 2544 cum
159 2511 173 2542 r
190 2501 248 2560 445
272 2502 292 2542 a
313 2483 482 2542 Leucothea
503 2481 609 2542 certior
632 2483 683 2542 fiat
704 2484 767 2542 fore
788 2492 820 2542 ut
841 2483 882 2542 ad
903 2485 1056 2544 Phaeaces
1077 2503 1138 2561 per·

49 2590 166 2664 veniat,
197 2601 298 2649 tamen
328 2599 424 2666 t119
448 2587 543 2648 nescit
565 2598 671 2647 terram
694 2598 799 2647 nactus
822 2587 940 2647 ubisit.
985 2591 1140 2649 Postremo

45 2699 148 2774 ipsum
182 2695 324 2757 auxilinm
348 2695 536 2755 Leucotheae
559 2714 621 2754 non
643 2706 822 2756 memoratur
844 2694 874 2755 in
900 2694 1021 2774 c(170)
1044 2714 1142 2771 neque

46 2803 77 2862 in
102 2828 121 2874 η
142 2806 240 2879 (275).
269 2805 373 2878 Itaque
394 2803 475 2861 hunc
495 2801 603 2862 librum
626 2828 639 2859 e
660 2805 800 2879 (excepto
821 2802 908 2863 initio
925 2822 942 2861 a
958 2802 1142 2862 diasceuasta

46 2909 170 2982 addito)
193 2910 235 2968 ab
257 2890 373 2986 origine
395 2927 517 2968 carmen
538 2908 686 2985 peculiare
710 2907 940 2987 („Einzellied’')
962 2908 1051 2968 fuisse
1069 2908 1143 2968 dicit

46 3017 266 3090 Wilamowitz,
297 3015 366 3092 quia
398 3035 451 3094 per
482 3035 514 3076 se
546 3023 641 3074 totn'm
672 3017 843 3075 absolutum
875 3015 921 3091 sit,
948 3035 1006 3075 nec
1028 3027 1143 3093 praeter

46 3142 250 3185 :ommunem
281 3123 418 3185 notitiam
450 3122 574 3184 Ulixeae
596 3123 714 3182 fabulae
740 3123 833 3181 ullum
858 3121 980 3183 aliunde
1008 3142 1143 3183 momen-

46 3252 104 3291 um
128 3232 281 3309 requirat.

78 3339 231 3416 Sequens
265 3347 355 3416 caput
385 3338 444 3416 agit
475 3337 513 3397 de
543 3339 687 3422 Νεκυίᾳ,
707 3353 796 3413 quam
818 3336 857 3396 ab
879 3354 927 3411 eo,
948 3335 1000 3411 qui
1021 3355 1141 3396 carmen

47 3455 101 3510 -ἓ
140 3447 366 3523 composuerit,
395 3446 427 3506 in
458 3444 657 3505 narrationem
680 3444 717 3503 de
739 3443 826 3504 Circe
847 3444 959 3503 illatam
982 3463 1046 3504 esse
1069 3443 1145 3504 dicit

46 3552 269 3622 Vilamowitz;
297 3573 366 3613 nam
392 3571 461 3612 cum
483 3581 503 3622 μ
524 3555 581 3612 266
605 3563 671 3611 cett.
696 3554 813 3620 ψέκυια
833 3551 1016 3628 respiciatur,
1043 3562 1143 3610 tamen

46 3659 192 3720 ·ansitus
232 3660 263 3720 in
289 3663 346 3720 fine
374 3661 443 3722 libri
465 3687 479 3717 κ
501 3672 530 3721 et
551 3660 637 3721 initio
660 3659 727 3720 libri
749 3666 895 3720 tsuturas
918 3658 1059 3719 dicendas
1080 3677 1144 3718 esse

46 3784 102 3824 nm
143 3765 358 3828 Kirchhoffio.
400 3770 442 3826 At
472 3767 497 3827 is
529 3767 601 3828 talia
634 3766 734 3845 potius
766 3768 918 3845 Odysseae
940 3767 1145 3826 diasceuastae

46 3871 192 3946 tribuit,
231 3893 294 3934 non
317 3873 499 3952 singularum
521 3873 648 3950 partium
671 3872 934 3951 compositoribus.
950 3907 986 3916 -
1004 3873 1144 3932 Ceterum

46 3982 186 4048 ’ἕκυια
227 3981 359 4058 pluribus
390 3999 427 4039 ex
458 3981 677 4040 narrationibus
709 3980 847 4040 confecta
869 3989 912 4038 est
933 3978 1032 4037 iudice
1055 3977 1146 4037 Wila-

50 4087 226 4148 owitzio:
250 4086 379 4147 narratio
401 4087 438 4145 de
460 4089 611 4164 Elpenore
633 4087 779 4165 originem
798 4080 891 4146 habet
912 4107 947 4144 ex
965 4085 1145 4164 aetiologico

79 4194 219 4264 dicunt
243 4197 361 4283 mytho,
387 4191 519 4258 vaticinii
544 4191 679 4260 Tiresiae
701 4192 814 4263 initium
837 4194 957 4282 respicit
978 4194 1018 4266 ad
1037 4195 1145 4283 Cyclo-
