2928 4886
776 424 814 464 20

250 586 434 646 Telemacho
455 585 678 660 pastoribusque
700 586 811 644 nebula
825 584 959 645 obvoluti
973 583 1005 644 in
1020 604 1108 662 agros
1118 597 1237 664 exeunt,
1258 605 1341 647 cum

251 690 367 750 animae
378 709 536 768 procorum
548 711 566 750 a
576 690 727 751 Mercurio
737 691 769 750 in
781 692 894 752 Orcum
905 691 1060 751 ducuntur.
1081 690 1127 752 Ibi
1139 695 1342 771 Agamemno

251 800 425 874 colloquens
446 816 514 858 cum
529 799 648 858 Achille
658 797 793 877 agnoscit
804 798 1090 876 Amphimedontem
1102 798 1186 858 cuius
1196 801 1342 877 hospitio

250 915 337 963 antea
358 921 427 963 cum
449 905 588 963 Menelao
610 921 678 964 usus
699 913 771 963 erat.
792 908 822 964 Is
842 914 946 982 rogatu
967 903 1030 964 eius
1052 915 1150 963 narrat
1170 907 1339 980 quomodo

250 1011 312 1088 ipse
334 1011 482 1089 ceterique
504 1010 589 1087 proci
602 1009 784 1071 interissent:
804 1021 872 1088 post
886 1010 1018 1070 staminis
1033 1010 1136 1070 dolum
1150 1013 1340 1087 prehensum

250 1119 369 1180 Ulixem
392 1117 522 1177 mendici
543 1116 641 1195 specie
664 1118 788 1190 venisse,
809 1115 930 1177 iniurias
952 1117 980 1176 ei
1000 1116 1096 1176 illatas
1111 1120 1228 1189 multas,
1245 1138 1341 1179 arma

250 1228 289 1285 ab
319 1226 384 1302 ipso
418 1225 539 1301 filioque
571 1224 758 1298 abscondita,
789 1227 939 1285 causalium
960 1228 1132 1284 certaminis
1154 1229 1341 1286 instituendi

251 1335 415 1409 Penelopae
434 1334 472 1390 ab
499 1333 587 1391 Ulixe
600 1332 718 1404 elatum;
728 1330 761 1389 in
774 1331 840 1408 ipso
853 1330 1013 1391 certamine
1027 1331 1188 1392 adiuvante
1201 1332 1335 1392 deorum

250 1439 351 1515 aliquo
379 1457 411 1497 se
434 1457 538 1498 omnes
560 1437 677 1497 occisos
698 1457 772 1513 esse,
793 1455 920 1515 quorum
941 1456 1022 1497 nunc
1043 1437 1133 1498 etiam
1155 1458 1281 1517 corpora
1295 1441 1334 1501 in

251 1546 376 1606 aedibus
397 1544 492 1607 Ulixis
512 1545 629 1605 iaceant
649 1545 802 1622 insepulta.
825 1545 883 1606 His
904 1545 1012 1605 auditis
1033 1547 1134 1606 laudat
1155 1548 1335 1624 Penelopae

249 1657 436 1731 Agamemno
458 1651 655 1718 constantiam
676 1663 823 1729 apponens
838 1654 1003 1730 perfidiam
1028 1654 1268 1729 Clytaemestrae.
1287 1689 1335 1699 -

250 1763 366 1819 Interea
391 1757 488 1819 Ulixes
509 1757 541 1817 in
562 1760 666 1819 hortos
687 1744 757 1819 suos
778 1759 944 1819 adveniens
967 1758 1029 1818 seni
1040 1762 1167 1819 Laertae
1183 1779 1234 1836 per
1249 1760 1334 1820 cica-

250 1867 352 1928 tricem
374 1875 402 1927 et
425 1866 601 1926 memoriam
624 1866 697 1927 doni
718 1866 789 1926 olim
811 1866 872 1927 dati
893 1887 925 1926 se
946 1867 1168 1945 agnoscendum
1191 1868 1334 1943 praebet;

250 1994 267 2031 a
288 1991 348 2048 quo
371 1991 478 2050 magno
500 1973 609 2050 gaudio
622 1984 773 2050 exceptus,
794 1975 917 2034 domum
928 1973 1086 2052 ingressus,
1104 1992 1224 2034 mensae
1238 1992 1330 2050 appa·

250 2091 329 2144 ratae
358 2081 515 2145 accumbit.
558 2083 673 2139 Intrant
694 2083 805 2139 Delius
825 2101 887 2140 eum
902 2083 979 2158 filiis
999 2091 1039 2158 et
1051 2080 1172 2142 Ulixem
1194 2079 1331 2156 agnitum

250 2193 387 2251 salutant.
411 2191 583 2249 Ithacenses
605 2199 705 2246 autem
727 2186 832 2246 ablatis
847 2185 1042 2246 cadaveribus
1056 2186 1088 2245 in
1103 2187 1167 2246 loro
1183 2187 1332 2246 collectos

249 2298 402 2375 Eupithes‚
432 2293 556 2354 Antinoi
587 2303 679 2370 pater,
700 2293 832 2352 incendit
853 2294 892 2352 ad
913 2311 983 2354 suos
1003 2293 1206 2368 ulciscendos3
1228 2311 1329 2368 super·

249 2403 331 2462 venit
362 2401 501 2462 Phemius
532 2421 601 2460 curn
632 2400 778 2460 Medonte
810 2401 862 2478 qui
883 2402 1007 2460 caedem
1029 2419 1190 2476 procorum
1211 2399 1326 2459 auxilio

250 2510 373 2570 deorum
397 2509 506 2568 laetam
529 2507 680 2568 describit.
711 2511 783 2567 Post
803 2525 893 2583 quern
916 2507 1099 2568 Halitherses
1119 2510 1262 2585 populum
1285 2508 1328 2568 ad

248 2617 379 2694 quietem
398 2618 540 2676 hortatur.
565 2615 667 2674 Minor
687 2625 787 2673 tamen
808 2634 876 2691 pars
897 2615 1058 2691 Eupithem
1080 2615 1221 2692 sequitur.
1243 2614 1328 2676 Iovis

249 2722 375 2783 consilio
408 2723 561 2798 explorato
583 2721 732 2795 Minerva,
754 2721 901 2781 Mentoris
921 2722 1047 2782 formam
1068 2721 1181 2794 induta,
1204 2721 1326 2782 Ulixem

247 2829 420 2890 instantium
441 2828 570 2888 hostium
593 2828 750 2906 admonet3
772 2827 833 2888 eius
853 2847 945 2905 opera
966 2827 1041 2888 socii
1055 2827 1152 2888 Ulixis
1165 2827 1324 2904 profligant

248 2935 425 2995 accedentes
457 2936 511 2994 sed
544 2954 564 2992 a
593 2935 797 3011 persequendo
832 2937 1040 2994 absterreretur
1076 2937 1159 2995 Iouis
1190 2911 1324 3010 'fulmina

248 3045 400 3102 Postremo
422 3041 559 3100 Minerva
580 3060 686 3118 pacem
706 3041 782 3100 inter
802 3053 945 3118 utrosque
967 3040 1132 3119 componit.

288 3149 349 3208 Hic
380 3148 467 3226 igitur
498 3159 542 3207 est
573 3148 652 3208 ordo
683 3167 782 3208 rerum
813 3165 889 3224 quae
916 3147 1018 3207 insunt
1039 3147 1071 3206 in
1093 3146 1239 3224 Odyssea,
1270 3147 1324 3223 qui

248 3266 394 3333 quatenus
423 3255 510 3314 laude
540 3275 558 3312 a
589 3254 820 3316 Friedlaendero
845 3254 954 3314 tributa
975 3254 1081 3332 dignus
1102 3253 1139 3313 sit
1159 3252 1269 3330 partim
1290 3253 1324 3312 in

247 3362 432 3423 enarratione
452 3361 518 3438 ipsa
539 3361 704 3440 significare
725 3361 823 3423 conati
845 3379 954 3435 sumus,
987 3363 1046 3420 iam
1067 3379 1140 3422 vero
1160 3359 1324 3421 accuratius

247 3472 304 3529 hac
332 3470 370 3528 de
391 3489 421 3528 re
440 3467 665 3545 disputabimus.
708 3470 814 3546 Itaque
837 3477 940 3527 contra
961 3467 1183 3528 Friedlaenderi
1204 3475 1323 3527 senten·

247 3575 319 3636 tiam
340 3575 635 3636 animadvertendum
656 3584 709 3648 est,
732 3574 868 3635 ordinem
889 3592 984 3634 rerum
1006 3591 1066 3652 quo
1080 3576 1158 3634 facta
1171 3573 1324 3636 mentione

247 3681 343 3745 Ulixis
379 3682 478 3742 statim
513 3681 676 3759 digreditur
710 3682 750 3740 ad
785 3701 830 3741 res
869 3680 1042 3742 Telemachi
1075 3681 1236 3742 narrandas
1266 3701 1323 3758 pro

247 3791 380 3868 perlecto
406 3789 508 3849 haberi
532 3809 594 3850 non
617 3807 719 3866 posse:
753 3807 830 3865 quae
851 3788 924 3848 ratio
946 3789 1064 3850 duobus
1083 3788 1218 3867 personis
1239 3789 1322 3866 prin-

247 3897 344 3975 cipem
381 3896 413 3956 in
453 3896 621 3957 narratione
660 3896 760 3956 losum
799 3895 1002 3956 obtinentibus
1036 3895 1139 3956 utendi
1173 3895 1205 3955 in
1238 3895 1324 3956 libris

247 4031 260 4058 ο
278 4027 333 4076 πρ
365 4021 485 4081 quoque
514 4004 620 4062 multas
643 4021 824 4081 magnasque
844 4002 1031 4063 difficultates
1052 4001 1161 4079 genuit.
1199 4001 1260 4062 Sed
1282 4019 1323 4062 ne

245 4111 304 4170 hoc
325 4110 445 4187 quidem
466 4119 591 4187 excepto
613 4119 755 4169 structura
779 4109 872 4186 „bene
896 4106 1082 4187 excogitata”
1104 4106 1164 4167 dici
1185 4117 1291 4184 potest.
1369 4185 1377 4197 Ι

285 4221 340 4282 I.r.
382 4217 515 4277 Primum
550 4216 629 4278 enim
660 4216 827 4276 notandum
848 4226 892 4276 est
912 4216 1083 4293 saepissime
1103 4213 1322 4292 expositionem
