2884 4880
577 412 634 468 123

41 593 91 632 30
127 572 265 632 carmine
293 573 345 649 qui
372 583 469 648 partes
490 570 633 631 Pisistrati
656 570 842 648 antiquioris,
864 571 1033 632 Telemachi
1054 574 1149 632 comi·

41 680 103 752 fis,
128 680 279 754 referunt3
300 713 341 722 -
361 697 423 738 non
445 676 571 738 attendit
592 689 692 737 autem
707 699 833 751 versusy
845 701 905 756 400
920 699 962 755 sq.
982 679 1145 767 710296'529'

41 788 240 873 ἐυμμελίην
265 790 504 869 Πεισίστρατον
528 787 823 872 ὄρχαμονσῖνδρῶν
848 790 908 866 Ὃς
926 793 957 856 οἱ
972 786 1020 854 ἔτ’
1034 793 1146 872 ἠίθεος

41 897 192 962 παίδων
227 899 278 962 ἐέν
312 900 346 961 ἐν
370 902 535 978 μεγάροισι
561 892 612 964 (cf.
630 917 646 963 r
665 893 737 966 482)
762 913 891 970 quorum
912 895 1057 971 posterior
1077 895 1147 954 satis

41 1001 196 1061 ostendit
217 1021 269 1059 cur
292 1000 444 1059 Pisistrato
465 997 652 1075 potissimum
673 1010 763 1075 poeta
784 1001 817 1060 id
838 1019 944 1061 munus
959 1001 1090 1078 dederit,
1106 1035 1147 1048 -
1243 989 1246 998 Χ

41 1107 266 1184 aliorumque
284 1124 420 1166 versuum
454 1106 545 1165 utitur
578 1105 749 1167 testimonio
782 1107 834 1184 qui
859 1108 897 1167 de
918 1107 1054 1167 fratribus
1076 1108 1148 1167 Pisi·

41 1225 167 1290 strato,
189 1216 403 1291 Thrasymede,
426 1207 584 1290 Polycaste
608 1223 716 1290 agunt3
749 1233 838 1289 quam
860 1234 923 1273 rem
945 1215 1064 1292 longius
1085 1235 1155 1275 non-

42 1339 284 1398 persequemur.
307 1325 368 1398 (pp.
392 1341 449 1398 342
473 1323 562 1394 cett).
599 1323 693 1379 Recte
714 1331 816 1380 tamen
838 1323 1010 1380 observasse
1031 1320 1148 1381 videtur

46 1449 169 1512 omnes
201 1433 285 1489 locos
317 1440 376 1488 tam
409 1428 440 1486 in
472 1427 606 1504 Odyssea
637 1445 727 1502 quam
758 1427 789 1485 in
821 1426 925 1505 Iliade,
956 1428 1007 1503 qui
1029 1429 1146 1487 Atticae

48 1536 251 1595 mentionem
284 1536 407 1610 habent,
438 1532 674 1592 additamentum
697 1550 818 1610 quoque
831 1533 861 1592 in
877 1534 955 1593 libro
974 1541 989 1589 λ
1009 1533 1148 1609 Orphicis

49 1642 210 1712 debitum,
240 1651 366 1700 aetatem
402 1639 543 1698 Pisistrati
571 1651 600 1697 et
620 1638 869 1698 Pisistratidarum
893 1639 1032 1699 indicare.
1077 1639 1147 1712 Quo

50 1753 196 1809 firmatur
218 1766 321 1808 eorum
336 1747 491 1814 sententia,
508 1746 557 1822 qui
573 1746 705 1805 carmina
720 1745 883 1829 Homerica
899 1745 1147 1805 Pisistratidarum

54 1867 161 1921 aetate
175 1856 277 1916 litteris
292 1856 432 1914 mandata
448 1873 511 1913 esse
525 1863 656 1924 censent,
673 1863 805 1912 cessante
820 1853 973 1929 paullatim
988 1853 1148 1912 traditione

54 1983 120 2038 per
151 1962 326 2038 rhapsodos
370 1960 486 2038 Quodsi
518 1960 585 2038 quis
617 1960 826 2020 animadvertit
857 1971 1001 2036 quantum
1035 1960 1149 2020 intersit

56 2069 141 2128 inter
160 2067 273 2126 indicia
294 2068 429 2126 Platonis
450 2067 493 2140 (in
514 2069 598 2142 Ione)
620 2076 649 2124 et
669 2067 879 2142 Xenophontis
901 2067 944 2141 (in
966 2067 1147 2126 Memorabi-

57 2177 146 2234 libus
157 2187 186 2234 et
198 2173 358 2246 Convivio)
370 2174 409 2232 de
420 2173 575 2248 rhapsodis
587 2181 617 2230 et
627 2173 758 2247 Pindari,
773 2173 824 2248 qui
839 2174 972 2232 versibus
987 2173 1148 2232 notissimis

59 2281 127 2341 illis
141 2283 240 2354 (Nem.
256 2301 291 2343 2:
308 2298 318 2337 ῐ
334 2282 389 2354 sq.)
405 2279 510 2346 Ὅθεν
528 2307 587 2363 περ
604 2285 658 2344 καί
674 2281 847 2365 Ὁμηρίδαι
865 2283 1024 2347 ‘Parracis’
1043 2282 1147 2346 ἐπέων

63 2397 111 2457 τὰ
140 2387 232 2456 πόλλ’
258 2391 362 2454 ἀοιδοί
388 2387 667 2473 ”Αρχονται....
699 2386 898 2445 honorificam
932 2395 1011 2444 certe
1044 2405 1148 2445 eorum

60 2495 251 2578 mentionem
282 2496 381 2565 faciat,
412 2495 593 2570 quibuscum
624 2492 772 2552 victorem
801 2493 958 2570 Olympiae
980 2502 1149 2568 comparet3

65 2602 159 2679 siquis
181 2602 213 2660 id
234 2601 366 2669 attendit,
389 2620 451 2660 non
472 2602 567 2658 multo
589 2609 658 2658 ante
686 2609 815 2658 aetatem
836 2600 959 2658 Pindari
981 2598 1149 2659 Homerica

66 2711 199 2768 carmina
217 2708 328 2785 scripto
346 2708 482 2768 mandari
501 2697 608 2784 coepta
626 2726 689 2766 esse
705 2708 828 2766 fortasse
840 2726 960 2767 mecum
973 2706 1150 2766 consentiat.

111 2817 169 2875 Sed
190 2826 221 2872 ut
243 2831 319 2892 quae
343 2815 533 2873 tractavimus
557 2813 685 2873 breviter
707 2799 944 2889 recapitulemus,
969 2812 1098 2872 vidimus
1119 2812 1150 2871 in

69 2920 269 2982 recentiorum
300 2921 338 2980 de
371 2921 506 2996 Odyssea
539 2919 641 2977 studiis
670 2919 853 2978 Kirchhoffii
874 2937 999 2978 acumen
1021 2919 1150 2978 maxime

69 3027 256 3105 praeluxisse,
288 3025 339 3102 qui
367 3025 479 3102 primus
504 3025 668 3084 distinxerit
688 3026 764 3084 inter
784 3037 905 3102 poetam
930 3038 960 3085 et
981 3027 1148 3086 diasceuas-

70 3145 132 3192 tam
154 3143 182 3190 et
195 3142 290 3208 partes
305 3132 450 3207 quasdam
464 3130 642 3190 indicaverit
656 3131 700 3189 illi
716 3130 903 3201 tribuendas3
918 3130 1003 3190 huius
1017 3133 1149 3190 laborem

71 3238 187 3314 longius
208 3248 382 3313 provectum
405 3257 468 3296 esse
490 3257 559 3296 cum
581 3238 620 3296 ab
634 3237 700 3296 aliis
711 3248 774 3296 tum
789 3236 962 3314 praesertim
978 3258 995 3295 a
1011 3238 1150 3296 Wilamo-

72 3345 167 3405 witzio
188 3344 296 3404 additis
320 3345 419 3404 multis
434 3343 692 3405 observationibus
709 3345 747 3404 de
762 3346 854 3404 altera
864 3354 946 3421 parte
958 3345 1111 3421 Odysseae
1122 3355 1152 3404 et

73 3450 236 3511 accuratius
258 3449 486 3527 compositionis
504 3450 636 3528 partibus
648 3450 809 3524 distinctis3
831 3461 983 3528 postremo
996 3451 1150 3511 Seeckium

74 3558 105 3616 in
119 3558 292 3632 quibusdam
307 3557 429 3634 quidem
444 3559 616 3617 emendasse
629 3558 708 3618 illius
722 3557 898 3617 sententiam
913 3558 966 3617 sed
981 3576 1049 3616 cum
1064 3558 1154 3616 decli-2

75 3674 156 3725 naret
175 3665 270 3737 abiis,
293 3685 370 3742 quae
387 3665 550 3726 Kirchhoff
561 3667 731 3742 protulerat,
753 3665 889 3737 inventis,
910 3684 978 3723 eum
990 3664 1050 3724 suis
1061 3663 1152 3740 ipsius

77 3773 176 3834 studiis
198 3775 323 3832 multum
345 3772 483 3832 nocuisse
505 3793 561 3832 nec
577 3773 756 3833 sententiam
771 3790 852 3831 suam
869 3772 996 3848 probare
1011 3771 1153 3847 potuisse.

77 3879 136 3939 Sed
163 3879 191 3937 hi
224 3898 328 3939 omnes
358 3899 427 3938 cum
450 3879 543 3956 magis
565 3878 700 3939 minusve
721 3877 948 3962 felices-fuerint
968 3877 998 3936 in
1020 3877 1153 3954 partibus

78 3985 193 4046 diversis
226 3986 380 4064 Odysseae
410 3986 591 4060 indicandis,
622 4004 684 4044 non
706 3995 807 4043 tamen
828 3982 916 4043 simili
940 3982 1013 4041 mihi
1035 3985 1153 4043 fortuna

79 4091 122 4152 usi
150 4092 295 4167 videntur,
325 4091 464 4167 quotiens
494 4092 574 4152 varie
606 4091 651 4149 his
681 4089 812 4167 partibus
836 4089 1005 4150 coniunctis
1025 4091 1153 4150 formam

80 4218 163 4275 quam
183 4197 314 4276 Odyssea
335 4201 374 4258 ab
395 4199 509 4278 origine
528 4197 673 4266 habuerit,
694 4197 849 4258 restituere
870 4197 1052 4256 studuerunt,
