2884 4880
551 459 588 524 79

96 648 120 702 3.
156 651 166 678 ι
195 645 303 696 20—42
336 626 501 697 (Minervae
532 627 624 684 verba
654 626 692 684 de
724 626 887 701 Penelope,
919 625 956 683 de
987 622 1106 682 insidiis

61 751 201 808 procorum,
214 732 248 789 de
262 734 396 790 Eumaeo
412 731 559 791 visitando
572 733 611 790 ad
625 732 838 790 Telemachum
851 732 942 806 facta)
959 729 1108 789 damnans

61 860 82 915 p.
119 842 184 913 622,
220 849 314 899 cetera
355 856 391 895 ex
431 836 517 896 initio
562 837 630 896 libri
665 861 677 890 r
722 837 832 896 intacta
863 836 999 914 reliquit,
1031 855 1108 913 quae

61 965 142 1004 :amen
177 965 229 1004 non
259 944 357 1002 minus
389 944 554 1004 offendunt.
606 947 684 1004 Nam
714 944 788 1004 item
820 944 953 1004 versibus
988 944 1108 1004 aliunde

61 1051 139 1110 uetitis
165 1053 231 1110 male
255 1062 379 1110 consuta
410 1062 477 1110 sunt
503 1062 533 1111 et
560 1051 721 1111 sententias
746 1059 840 1128 aeque
865 1072 992 1129 nugaces
1016 1051 1109 1110 conti·

61 1171 124 1219 rent.
174 1159 247 1234 Quid
279 1158 367 1236 igitur
401 1165 483 1235 parte
518 1177 622 1218 eorum
654 1177 789 1218 versuum
820 1159 929 1218 omissa
960 1161 1109 1218 lucremur

61 1285 106 1325 ron
133 1265 221 1339 vide0,
251 1265 364 1324 etiarnsi
398 1265 472 1324 nihil
493 1267 641 1343 obstaret3
673 1265 727 1324 sed
749 1267 870 1325 obstant
892 1285 990 1325 versus
1012 1293 1025 1321 ο
1050 1287 1107 1344 299

61 1393 105 1450 qq·
139 1375 242 1454 (ἔνθεν
276 1371 304 1438 δ’
344 1367 385 1437 αὖ
421 1381 544 1454 νήσοισι
581 1375 774 1459 ἐπιπροέηκε
811 1381 944 1462 θοῇσιν)
981 1371 1032 1447 qul
1064 1391 1107 1430 10·

61 1480 161 1557 piciunt
190 1481 225 1538 ad
256 1506 269 1535 ο
298 1500 335 1556 33
344 1501 354 1552 ;
385 1482 531 1538 Kammer
562 1480 685 1557 quidem
713 1480 782 1540 illos
803 1501 925 1559 quoque
946 1480 1034 1556 eicit3
1056 1481 1108 1539 sed

64 1609 110 1647 um
130 1587 261 1647 credibile
287 1599 432 1664 putemus,
459 1587 705 1665 interpolatorem
730 1590 788 1648 huc
813 1588 883 1648 illuc
905 1590 943 1647 ad
966 1587 1109 1646 maiorem

61 1695 290 1772 iterpolationem
322 1713 405 1752 suam
427 1696 582 1753 tutandam
605 1713 704 1754 versus
725 1694 878 1754 intulisse?
900 1697 986 1771 Quae
1007 1706 1108 1754 autem

61 1823 124 1861 ausa
145 1801 206 1877 suit,
227 1821 277 1860 cur
297 1801 363 1876 quis
377 1803 432 1861 hos
445 1821 545 1860 versus
560 1804 585 1874 (ο
609 1805 740 1876 20-42)
754 1798 966 1878 interpolaret?
988 1803 1109 1860 Nullam

61 1911 168 1969 rofecto
200 1907 285 1967 fuisse
317 1908 557 1984 concedendum,
587 1908 610 1967 si
632 1908 786 1967 Kammeri
819 1909 913 1969 secuti
933 1909 1109 1970 sententiam

61 2017 189 2093 sinemur
218 2015 278 2072 iam
310 2015 349 2071 ab
379 2013 465 2073 initio
488 2032 556 2073 curn
581 2014 713 2074 carmine
734 2015 772 2074 de
794 2016 889 2076 reditu
909 2017 1004 2077 Ulixis
1025 2018 1110 2076 Tele·

63 2123 178 2181 achiam
210 2121 298 2180 fuisse
329 2121 520 2180 coniunctam
549 2129 774 2199 exstantemque
788 2122 1042 2183 ¹coniunctionem
1063 2143 1110 2182 ex-

61 2230 122 2306 eptis
145 2229 246 2306 paucis
266 2227 325 2288 illis
347 2228 476 2287 versibus
507 2229 596 2287 laude
621 2240 758 2305 putemus
783 2229 922 2309 dignam3
947 2231 990 2290 sin
1013 2226 1124 2306 potius¹

61 2349 129 2396 tera
150 2337 182 2394 in
204 2338 301 2411 priore
323 2345 404 2412 parte
425 2334 494 2394 libri
516 2361 528 2390 ο
554 2335 678 2394 meliora
699 2355 760 2395 non
783 2348 853 2395 sunt
873 2355 963 2413 quam
978 2357 1014 2396 ea
1034 2353 1110 2413 quae

61 2463 176 2503 ammer
208 2443 297 2502 eiecit
318 2453 348 2501 et
368 2461 463 2501 nexus
483 2441 559 2500 inter
579 2442 632 2501 illa
655 2444 717 2503 duo
738 2444 873 2503 carmina
894 2443 1065 2519 deficiebat,
1086 2443 1111 2501 is

61 2552 73 2610 ,i
111 2551 198 2610 illum
231 2549 396 2625 constituit,
426 2528 645 2624 interpolatoris
677 2551 745 2610 loco
777 2550 880 2610 haberi
912 2569 974 2610 non
1004 2559 1109 2626 potest.

61 2659 123 2716 rius
157 2679 230 2717 vero
263 2677 384 2734 operam
416 2655 522 2731 partim
554 2657 689 2730 retinere,
721 2657 828 2734 partim
859 2657 987 2725 abicere,
1020 2675 1110 2734 quarn

63 2785 137 2825 aeso
164 2765 317 2835 rationem
339 2764 439 2839 habet,
460 2779 528 2820 cum
549 2766 722 2838 praesertim
743 2775 860 2824 suturae
882 2764 997 2842 species
1013 2762 1112 2822 claris·

61 2893 94 2930 ra
117 2873 150 2930 in
175 2872 319 2932 omnibus
345 2871 506 2930 obtineat?

61 2982 106 3037 De
141 2982 218 3038 loco
241 2979 271 3036 in
294 2979 371 3039 libro
400 3004 425 3054 z,
456 2977 507 3054 qui
533 2979 781 3067 οἱφαγψωρισμὸιι
814 2979 947 3040 continet
962 2977 1061 3040 Ulixis
1082 2988 1111 3037 et

61 3085 193 3161 rycliae‚
229 3089 377 3146 Kammer
407 3109 435 3165 p.
469 3092 527 3167 650
554 3091 692 3148 observat
723 3087 874 3146 fictionem
906 3107 972 3146 earn
994 3084 1113 3166 (1358,

61 3215 85 3267 ι,
115 3195 195 3268 383)
223 3194 380 3253 conciliari
402 3215 463 3255 non
486 3215 573 3272 posse
595 3215 663 3254 cunr
685 3193 939 3271 transfiguratione
964 3192 1060 3252 Ulixis
1080 3191 1111 3252 in

61 3318 90 3356 ro
123 3322 156 3358 v:
198 3299 339 3368 „Meiner
370 3301 497 3360 Ansicht
529 3300 625 3359 nach''
658 3300 759 3359 scribit
788 3320 817 3375 p.
840 3302 895 3375 651
921 3299 1040 3372 „haben
1063 3296 1114 3356 wir

61 3425 75 3461 r
111 3405 187 3465 eine
217 3407 333 3465 fremde
360 3409 444 3484 Sage,
468 3407 518 3468 die
541 3407 594 3466 mit
615 3407 668 3466 der
687 3406 719 3465 in
740 3424 875 3465 unserem
897 3406 1028 3466 Gedicht
1048 3425 1112 3466 vor·

61 3513 181 3585 ;enden
219 3517 409 3592 Darstellung
441 3515 472 3574 in
504 3514 606 3574 keiner
637 3513 834 3592 Verbindung
867 3516 953 3590 steht,
983 3515 1033 3574 die
1065 3514 1118 3573 auf

61 3641 84 3677 ‚z
122 3622 281 3680 anderem
314 3621 419 3681 Boden
452 3624 618 3682 erwachsen
647 3622 692 3680 ist.
735 3625 797 3681 Das
819 3623 924 3697 Motiv‚
948 3622 1001 3680 das
1022 3622 1114 3679 unbe-

61 3729 153 3786 itbar
178 3729 256 3788 eine
282 3731 394 3788 schbne
418 3732 516 3790 Scene
541 3731 608 3807 gab,
629 3729 665 3788 ist
686 3747 826 3788 unserem
849 3729 979 3789 Gedicht
1000 3727 1114 3827 fremd3

61 3846 82 3892 rt
94 3836 190 3894 auch
203 3835 238 3894 in
253 3836 390 3894 dasselbe
400 3836 430 3894 in
444 3838 645 3913 unpassender
657 3838 754 3895 Weise
765 3835 1028 3914 hineingearbeitet
1035 3833 1063 3910 ;'’
1076 3871 1113 3879 —

61 3944 130 4000 hac
169 3963 207 4002 re
244 3946 442 4002 Kammerum
474 3964 568 4003 errare
599 3955 667 4019 post
697 3943 879 4004 videbimus:
913 3979 948 3988 -
977 3945 1044 4018 „sur
1066 3941 1115 4002 die

62 4051 223 4128 fiihrung
259 4052 417 4110 desselben
450 4071 518 4110 war,
542 4051 594 4109 der
625 4050 655 4108 in
689 4051 785 4110 dieser
807 4051 903 4111 Partie
924 4052 1115 4128 gezeichnete

62 4159 180 4232 punkt
208 4158 267 4216 der
287 4158 382 4236 einzig
404 4157 562 4234 mogliche,
585 4157 624 4216 da
649 4159 746 4216 weder
767 4161 874 4218 vorher
891 4160 972 4218 noch
986 4159 1116 4217 nachher

75 4263 161 4321 eine
191 4265 373 4324 Badescene
395 4268 493 4324 Raum
515 4263 573 4322 ist”
593 4299 631 4308 -
655 4265 771 4339 Quidni
793 4265 859 4324 talis
880 4284 969 4324 scena
990 4285 1007 4323 a
1028 4275 1116 4341 poeta
