2928 4886
275 538 418 618 predigen
440 557 488 618 pg.
512 540 644 600 CXVIII
666 584 683 610 .,
693 537 863 616 „Odysseae
885 537 1069 596 admirabilis
1091 557 1206 596 summa
1228 547 1256 596 et
1272 557 1360 598 com·

275 667 366 726 pages
399 665 453 724 pro
478 644 710 724 praeclarissimo
732 655 929 704 monumento
951 643 1060 705 Graeci
1081 643 1192 719 ingenii
1214 644 1359 703 habenda
1448 671 1449 680 ¹

276 755 374 813 est.’'”
396 757 482 812 Haec
503 755 593 812 verba
613 765 643 812 a⁰
669 757 741 826 1841
767 753 884 812 Bekker
904 751 1107 828 pronuntiavit
1128 770 1185 811 nec
1203 760 1253 810 aut
1268 763 1360 812 antea

277 873 327 920 aut
339 871 406 939 post
421 861 588 937 defuerunt,
599 870 631 918 ut
641 862 724 919 Koes
735 859 876 918 Thiersch
887 859 996 917 Rhode
1008 858 1179 918 Volkmann
1193 859 1359 918 Heerklotz

276 968 388 1044 Jacobs
410 967 568 1043 Hennings
589 965 649 1040 alii,
670 965 721 1041 qui
743 964 801 1024 suis
817 963 932 1040 scriptis
946 964 993 1022 vel
1007 981 1059 1040 per
1075 971 1166 1022 totam
1185 963 1358 1038 Odysseam

277 1072 444 1134 deficientia
474 1071 682 1149 investigarent
710 1072 757 1129 vel
777 1069 1003 1128 Lachmannum
1025 1067 1129 1127 imitati
1153 1069 1210 1128 hac
1232 1089 1359 1146 quoque

277 1201 313 1241 ex
335 1180 416 1258 poesi
431 1180 547 1257 singula
562 1177 692 1236 carmina
704 1188 845 1252 tanquam
860 1196 895 1235 ex
909 1175 1062 1236 ruderibus
1077 1174 1204 1234 aedificii
1218 1175 1361 1252 antiquas

177 1315 183 1350 r
277 1299 373 1365 partes
388 1289 501 1346 efficere
516 1296 701 1345 conarentur.
735 1287 776 1343 At
791 1293 896 1342 contra
911 1282 961 1340 alii
976 1282 1140 1358 Odysseam
1157 1281 1360 1342 laudaverunt

277 1406 309 1454 ut
330 1393 594 1470 praeclarissimum
613 1391 751 1451 carminis
767 1390 844 1469 epici
859 1393 1036 1468 exemplum,
1051 1388 1082 1448 in
1097 1407 1157 1465 quo
1174 1388 1237 1468 ipsa
1251 1389 1362 1466 epicae

191 1503 195 1510 ’
277 1500 504 1576 compositionis
524 1510 628 1558 natura
642 1509 809 1576 appareret3
830 1498 872 1557 ita
893 1510 925 1557 ut
947 1499 1080 1575 Odyssea
1099 1499 1188 1557 allata
1206 1487 1364 1558 uterentur

278 1609 316 1668 ad
339 1608 518 1668 refellendas
539 1606 724 1666 Lachmanni
746 1606 784 1665 de
809 1605 903 1665 Iliade
925 1605 1155 1665 observationes.
1190 1606 1238 1666 Sic
1251 1605 1363 1665 Fried-

278 1716 400 1776 laender
421 1716 537 1779 scribit:
558 1714 587 1794 ι)
903 1793 904 1797 ¹

320 1824 427 1896 „Ware
458 1841 512 1880 uns
544 1821 592 1880 die
627 1821 758 1898 Odyssee
792 1818 880 1877 allein
913 1819 1057 1895 erhalten,
1089 1818 1136 1877 die
1161 1819 1254 1896 Frage
1275 1822 1362 1876 nach

278 1926 356 1986 ihrer
385 1925 504 1985 Einheit
529 1917 604 1984 nare
629 1923 781 1984 vielleicht
800 1897 1067 2000 nie⁵aufgeworlen
1089 1905 1233 1982 worden(
1262 1925 1361 1982 Denn

279 2032 345 2092 eine
361 2032 564 2091 durchdachte
581 2031 801 2108 Composition,
812 2030 877 2090 eine
889 2031 1122 2092 Concentration
1133 2031 1186 2090 des
1196 2034 1363 2091 Interesses

279 2141 332 2198 aul
361 2139 449 2198 einen
481 2138 704 2215 Haupthelden,
736 2138 789 2196 der
819 2137 1013 2215 gegenwttrtig
1038 2138 1101 2196 und
1122 2139 1282 2198 abwesend
1304 2139 1364 2199 der

280 2245 472 2322 Mittelpunkt
502 2246 554 2304 der
585 2246 751 2322 Handlung
780 2244 883 2322 bildet,
914 2245 984 2306 dem
1016 2248 1073 2306 alle
1105 2246 1272 2324 Ereignisse
1293 2250 1363 2307 und

279 2352 432 2412 Personen
464 2353 517 2412 des
548 2351 689 2412 Gedichts
721 2353 903 2413 subordinirt
934 2355 1009 2430 sind,
1043 2356 1094 2413 auf
1117 2357 1186 2414 dem
1210 2357 1274 2415 sich
1298 2358 1362 2416 alle

279 2460 421 2519 beziehen
443 2495 483 2503 —
506 2459 586 2519 diese
608 2460 835 2537 Eigenschaften
857 2463 977 2521 konnen
999 2462 1075 2519 auch
1097 2480 1155 2521 von
1180 2462 1249 2520 dem
1269 2463 1363 2521 ober-

279 2566 452 2625 fltichlichen
476 2569 611 2638 lesere)
633 2568 686 2626 der
708 2569 841 2646 Odyssee
864 2571 947 2628 nicht
968 2570 1131 2628 tibersehen
1154 2567 1305 2628 werden.'’

320 2673 370 2732 Ad
404 2672 626 2732 diiudicandum
662 2685 758 2734 autem
794 2688 891 2736 utrum
926 2678 992 2753 plus
1028 2676 1211 2737 credendum
1244 2677 1281 2736 sit
1313 2677 1362 2738 his

278 2779 468 2838 laudantibus
496 2799 534 2838 an
556 2780 613 2840 illis
636 2781 878 2858 vituperantibus,
899 2782 969 2842 utile
992 2783 1109 2841 videtur
1129 2800 1219 2858 quarn
1242 2784 1360 2842 brevis·

279 2887 353 2946 sima
388 2886 573 2946 enarratione
608 2888 760 2964 Odysseae
796 2901 1003 2967 argumentum
1036 2909 1197 2966 exponere;
1233 2889 1265 2947 in
1298 2909 1362 2967 qua

279 2995 366 3053 simul
387 3013 423 3053 ea
444 3012 520 3069 quae
541 2994 613 3054 mihi
637 3005 668 3053 ut
689 2995 793 3054 ceteris
813 2995 846 3053 in
867 3000 1014 3056 structura
1035 2994 1173 3055 carminis
1192 2996 1362 3072 incongrua

279 3099 342 3160 visa
363 3111 439 3168 sunt,
460 3101 590 3160 diductis
612 3101 715 3160 litteris
738 3103 859 3161 notabo.
880 3101 912 3182 3)

320 3209 465 3266 Minerva
486 3216 605 3267 auctore
627 3209 825 3267 Telemachus
846 3217 878 3266 ut
896 3210 934 3268 de
955 3207 1045 3285 patris
1067 3211 1111 3268 sui
1131 3208 1226 3269 reditu
1249 3207 1361 3268 certior

279 3313 340 3388 fiat,
367 3313 406 3373 ad
428 3316 582 3374 Nestorem
605 3327 634 3374 et
655 3317 825 3375 Menelaum
846 3315 1058 3392 proficiscitnr;
1092 3319 1200 3376 Nestor
1221 3315 1294 3375 nihil
1318 3316 1359 3376 de

282 3417 369 3478 Ulixe
385 3421 513 3479 referens
527 3421 583 3481 nisi
598 3423 681 3498 quod
697 3444 714 3482 a
729 3421 852 3482 Phemi0
867 3439 988 3499 quoque
1004 3425 1202 3483 Telemachus
1218 3423 1360 3500 accipere
1446 3443 1447 3450 ¹

279 3535 425 3600 potuerat.
448 3530 597 3586 consilium
620 3532 647 3587 ei
667 3531 720 3588 dat
743 3539 774 3588 ut
788 3529 875 3588 adeat
891 3531 1073 3605 Menelaum,
1086 3529 1200 3589 itineris
1216 3530 1359 3589 comitem

279 3642 383 3690 nactus
404 3632 495 3691 filium
517 3633 608 3710 ipsius
630 3634 822 3694 Pisistratum.
844 3637 909 3694 Nec
928 3647 1028 3695 tamen
1043 3635 1135 3713 magis
1151 3636 1179 3695 ei
1194 3637 1359 3712 Menelaus

280 3748 437 3815 postquam
453 3739 612 3800 adiuvante
634 3743 753 3800 Helena
773 3744 925 3818 praeclara
946 3744 1094 3819 quaedam
1108 3741 1204 3804 Ulixis
1219 3741 1358 3802 facinora

317 3929 342 3996 1)
361 3931 391 3978 In
410 3931 490 3980 llbro:
509 3932 568 3996 „die
586 3934 663 3984 Hom.
682 3933 769 3982 Kritik
787 3951 838 3983 von
857 3934 932 3984 Wols
946 3935 986 3984 hle
1004 3935 1100 3984 Grote'’
1118 3952 1161 4000 pg.
1181 3949 1220 3998 23.

314 4011 340 4072 2)
358 4011 624 4074 BenefecitFried1.,
643 4016 713 4080 quod
731 4015 794 4064 haec
812 4016 890 4065 verba
908 4016 1013 4067 addidit.

314 4091 340 4154 3)
359 4091 482 4142 Rationes
501 4094 593 4158 quibus
611 4096 735 4145 adductus
753 4096 824 4144 haesi
842 4097 868 4144 in
886 4097 951 4146 locis
970 4098 1007 4147 sic
1025 4098 1128 4162 notatis,
1142 4098 1231 4162 partim
1245 4106 1270 4147 ut
1281 4114 1360 4162 saepe

280 4175 314 4221 ab
332 4175 390 4222 aliIs
407 4175 530 4225 indicatas
549 4177 701 4227 omittendas
719 4178 817 4244 putavi3
830 4179 919 4243 partim
933 4180 960 4227 in
973 4180 1028 4244 ipsa
1037 4180 1215 4230 dissertatione
1227 4181 1359 4235 iudicabo.
