<?xml version="1.0" encoding="UTF-8"?>
<!DOCTYPE html PUBLIC "-//W3C//DTD XHTML 1.0 Transitional//EN"
    "http://www.w3.org/TR/xhtml1/DTD/xhtml1-transitional.dtd">
<html xmlns="http://www.w3.org/1999/xhtml" xml:lang="en" lang="en">
 <head>
  <title>
</title>
<meta http-equiv="Content-Type" content="text/html;charset=utf-8" />
  <meta name='ocr-system' content='tesseract 3.04.00' />
  <meta name='ocr-capabilities' content='ocr_page ocr_carea ocr_par ocr_line ocrx_word'/>
</head>
<body>
  <div class='ocr_page' id='page_1' title='image "./praecipuaerecen00fraegoog_0058.png"; bbox 0 0 2928 4886; ppageno 0'>
   <div class='ocr_carea' id='block_1_1' title="bbox 668 414 705 469">
    <p class='ocr_par' dir='ltr' id='par_1_1' title="bbox 668 414 705 469">
     <span class='ocr_line' id='line_1_1' title="bbox 668 414 705 469; baseline 0.108 -4"><span class='ocrx_word' id='word_1_1' title='bbox 668 414 705 469; x_wconf 85' lang='lat'>43</span> 
     </span>
    </p>
   </div>
   <div class='ocr_carea' id='block_1_2' title="bbox 113 573 1293 4171">
    <p class='ocr_par' dir='ltr' id='par_1_2' title="bbox 142 573 1293 2890">
     <span class='ocr_line' id='line_1_2' title="bbox 142 573 1226 634; baseline 0 -1"><span class='ocrx_word' id='word_1_2' title='bbox 142 577 288 633; x_wconf 87' lang='lat' dir='ltr'>Kammer</span> <span class='ocrx_word' id='word_1_3' title='bbox 320 574 435 632; x_wconf 84' lang='lat' dir='ltr'><strong>sustulit</strong></span> <span class='ocrx_word' id='word_1_4' title='bbox 465 583 515 632; x_wconf 89' lang='lat' dir='ltr'>aut</span> <span class='ocrx_word' id='word_1_5' title='bbox 546 573 673 632; x_wconf 86' lang='lat' dir='ltr'>elevavit</span> <span class='ocrx_word' id='word_1_6' title='bbox 705 573 888 632; x_wconf 88' lang='lat' dir='ltr'>Kirchhoffii</span> <span class='ocrx_word' id='word_1_7' title='bbox 908 575 946 633; x_wconf 93' lang='lat' dir='ltr'>de</span> <span class='ocrx_word' id='word_1_8' title='bbox 967 574 1124 634; x_wconf 82' lang='lat' dir='ltr'>sententiis</span> <span class='ocrx_word' id='word_1_9' title='bbox 1148 577 1226 633; x_wconf 89' lang='lat' dir='ltr'>male</span> 
     </span>
     <span class='ocr_line' id='line_1_3' title="bbox 142 679 1225 757; baseline 0.001 -18"><span class='ocrx_word' id='word_1_10' title='bbox 142 680 309 739; x_wconf 88' lang='lat' dir='ltr'>coniunctis</span> <span class='ocrx_word' id='word_1_11' title='bbox 345 679 575 747; x_wconf 75' lang='lat' dir='ltr'>criminationes</span> <span class='ocrx_word' id='word_1_12' title='bbox 611 679 665 738; x_wconf 91' lang='lat' dir='ltr'>nisi</span> <span class='ocrx_word' id='word_1_13' title='bbox 695 682 770 739; x_wconf 90' lang='lat' dir='ltr'>forte</span> <span class='ocrx_word' id='word_1_14' title='bbox 803 680 995 740; x_wconf 87' lang='lat' dir='ltr'>credibiliora</span> <span class='ocrx_word' id='word_1_15' title='bbox 1023 681 1085 757; x_wconf 91' lang='lat' dir='ltr'>ipse</span> <span class='ocrx_word' id='word_1_16' title='bbox 1107 691 1225 740; x_wconf 91' lang='lat' dir='ltr'>secutus</span> 
     </span>
     <span class='ocr_line' id='line_1_4' title="bbox 142 785 1225 865; baseline 0 -19"><span class='ocrx_word' id='word_1_17' title='bbox 142 787 294 847; x_wconf 89' lang='lat' dir='ltr'>videbitur</span> <span class='ocrx_word' id='word_1_18' title='bbox 322 788 398 845; x_wconf 85' lang='lat' dir='ltr'>facta</span> <span class='ocrx_word' id='word_1_19' title='bbox 421 785 543 846; x_wconf 90' lang='lat' dir='ltr'>omnino</span> <span class='ocrx_word' id='word_1_20' title='bbox 565 786 720 864; x_wconf 86' lang='lat' dir='ltr'>incognita</span> <span class='ocrx_word' id='word_1_21' title='bbox 741 798 770 846; x_wconf 89' lang='lat' dir='ltr'>et</span> <span class='ocrx_word' id='word_1_22' title='bbox 792 786 914 845; x_wconf 88' lang='lat' dir='ltr'>minime</span> <span class='ocrx_word' id='word_1_23' title='bbox 935 787 1084 864; x_wconf 83' lang='lat' dir='ltr'>simplices</span> <span class='ocrx_word' id='word_1_24' title='bbox 1106 808 1225 865; x_wconf 92' lang='lat' dir='ltr'>corrup·</span> 
     </span>
     <span class='ocr_line' id='line_1_5' title="bbox 142 892 1293 969; baseline 0 -16"><span class='ocrx_word' id='word_1_25' title='bbox 142 895 215 953; x_wconf 91' lang='lat' dir='ltr'>telas</span> <span class='ocrx_word' id='word_1_26' title='bbox 237 893 276 952; x_wconf 88' lang='lat' dir='ltr'>ad</span> <span class='ocrx_word' id='word_1_27' title='bbox 298 892 507 969; x_wconf 82' lang='lat' dir='ltr'>explicandum</span> <span class='ocrx_word' id='word_1_28' title='bbox 527 895 628 953; x_wconf 90' lang='lat' dir='ltr'>locum</span> <span class='ocrx_word' id='word_1_29' title='bbox 651 893 779 969; x_wconf 89' lang='lat' dir='ltr'>priorem</span> <span class='ocrx_word' id='word_1_30' title='bbox 804 905 943 952; x_wconf 87' lang='lat' dir='ltr'>statuens</span> <span class='ocrx_word' id='word_1_31' title='bbox 968 897 1102 954; x_wconf 89' lang='lat' dir='ltr'>Alterum</span> <span class='ocrx_word' id='word_1_32' title='bbox 1124 897 1225 955; x_wconf 90' lang='lat' dir='ltr'>locum</span> <span class='ocrx_word' id='word_1_33' title='bbox 1291 925 1293 944; x_wconf 75' lang='grc' dir='ltr'>ι</span> 
     </span>
     <span class='ocr_line' id='line_1_6' title="bbox 143 999 1227 1074; baseline 0 -14"><span class='ocrx_word' id='word_1_34' title='bbox 143 999 313 1060; x_wconf 87' lang='lat' dir='ltr'>eiciendum</span> <span class='ocrx_word' id='word_1_35' title='bbox 335 1019 395 1060; x_wconf 90' lang='lat' dir='ltr'>non</span> <span class='ocrx_word' id='word_1_36' title='bbox 418 1019 480 1059; x_wconf 90' lang='lat' dir='ltr'>esse</span> <span class='ocrx_word' id='word_1_37' title='bbox 501 1000 661 1058; x_wconf 85' lang='lat' dir='ltr'>ostendunt</span> <span class='ocrx_word' id='word_1_38' title='bbox 683 1035 721 1043; x_wconf 91' lang='lat'><strong>—</strong></span> <span class='ocrx_word' id='word_1_39' title='bbox 736 999 820 1074; x_wconf 92' lang='lat' dir='ltr'>quod</span> <span class='ocrx_word' id='word_1_40' title='bbox 835 1019 896 1059; x_wconf 93' lang='lat' dir='ltr'>non</span> <span class='ocrx_word' id='word_1_41' title='bbox 913 1000 1124 1060; x_wconf 85' lang='lat' dir='ltr'>animadvertit</span> <span class='ocrx_word' id='word_1_42' title='bbox 1135 1005 1227 1061; x_wconf 88' lang='lat' dir='ltr'>Karn-</span> 
     </span>
     <span class='ocr_line' id='line_1_7' title="bbox 143 1101 1227 1194; baseline -0.001 -16"><span class='ocrx_word' id='word_1_43' title='bbox 143 1126 208 1166; x_wconf 81' lang='lat' dir='ltr'>mer</span> <span class='ocrx_word' id='word_1_44' title='bbox 221 1127 267 1184; x_wconf 77' lang='lat' dir='ltr'>uu·</span> <span class='ocrx_word' id='word_1_45' title='bbox 288 1125 345 1180; x_wconf 82' lang='lat'>274</span> <span class='ocrx_word' id='word_1_46' title='bbox 360 1141 401 1150; x_wconf 93' lang='lat'><strong>—</strong></span> <span class='ocrx_word' id='word_1_47' title='bbox 419 1106 585 1182; x_wconf 79' lang='lat' dir='ltr'>sequentia:</span> <span class='ocrx_word' id='word_1_48' title='bbox 603 1101 645 1183; x_wconf 79' lang='grc' dir='ltr'>ὦς</span> <span class='ocrx_word' id='word_1_49' title='bbox 667 1107 779 1194; x_wconf 77' lang='grc' dir='ltr'><strong><em>ἔφαθ’,</em></strong></span> <span class='ocrx_word' id='word_1_50' title='bbox 797 1113 828 1174; x_wconf 78' lang='grc' dir='ltr'>οἱ</span> <span class='ocrx_word' id='word_1_51' title='bbox 841 1110 933 1194; x_wconf 77' lang='grc' dir='ltr'><strong><em>δ’ἄρα</em></strong></span> <span class='ocrx_word' id='word_1_52' title='bbox 956 1119 1076 1188; x_wconf 67' lang='grc' dir='ltr'><strong><em>πάντες</em></strong></span> <span class='ocrx_word' id='word_1_53' title='bbox 1095 1113 1175 1190; x_wconf 73' lang='grc' dir='ltr'><em>ὀδὰξ</em></span> <span class='ocrx_word' id='word_1_54' title='bbox 1193 1115 1227 1178; x_wconf 66' lang='grc' dir='ltr'>ἐν</span> 
     </span>
     <span class='ocr_line' id='line_1_8' title="bbox 146 1216 1228 1302; baseline 0.003 -22"><span class='ocrx_word' id='word_1_55' title='bbox 146 1216 266 1302; x_wconf 77' lang='grc' dir='ltr'><strong><em>χείλεσι</em></strong></span> <span class='ocrx_word' id='word_1_56' title='bbox 291 1219 407 1295; x_wconf 60' lang='lat' dir='ltr'>purten</span> <span class='ocrx_word' id='word_1_57' title='bbox 429 1216 624 1302; x_wconf 79' lang='grc' dir='ltr'><em>Τηλέμαχον</em></span> <span class='ocrx_word' id='word_1_58' title='bbox 642 1219 815 1298; x_wconf 63' lang='grc' dir='ltr'>θαύμαζον</span> <span class='ocrx_word' id='word_1_59' title='bbox 834 1221 850 1282; x_wconf 88' lang='grc' dir='ltr'>ὃ</span> <span class='ocrx_word' id='word_1_60' title='bbox 869 1218 1058 1298; x_wconf 80' lang='grc' dir='ltr'><em>θαρσαλέως</em></span> <span class='ocrx_word' id='word_1_61' title='bbox 1075 1220 1228 1302; x_wconf 68' lang='grc' dir='ltr'>ἀγόρευεν</span> 
     </span>
     <span class='ocr_line' id='line_1_9' title="bbox 142 1308 1227 1400; baseline 0.002 -23"><span class='ocrx_word' id='word_1_62' title='bbox 142 1320 214 1400; x_wconf 80' lang='lat'><em>(381</em></span> <span class='ocrx_word' id='word_1_63' title='bbox 249 1338 283 1396; x_wconf 93' lang='lat' dir='ltr'>sq</span> <span class='ocrx_word' id='word_1_64' title='bbox 325 1340 365 1374; x_wconf 89' lang='lat'><strong><em>=</em></strong></span> <span class='ocrx_word' id='word_1_65' title='bbox 395 1341 410 1377; x_wconf 87' lang='grc' dir='ltr'><strong><em>σ</em></strong></span> <span class='ocrx_word' id='word_1_66' title='bbox 444 1340 501 1393; x_wconf 90' lang='lat'>410</span> <span class='ocrx_word' id='word_1_67' title='bbox 534 1339 576 1394; x_wconf 89' lang='lat' dir='ltr'>sq.</span> <span class='ocrx_word' id='word_1_68' title='bbox 608 1347 624 1377; x_wconf 86' lang='grc' dir='ltr'><strong>υ</strong></span> <span class='ocrx_word' id='word_1_69' title='bbox 659 1322 717 1379; x_wconf 86' lang='lat'>268</span> <span class='ocrx_word' id='word_1_70' title='bbox 746 1327 818 1396; x_wconf 86' lang='lat' dir='ltr'>sq.);</span> <span class='ocrx_word' id='word_1_71' title='bbox 851 1321 959 1398; x_wconf 91' lang='lat' dir='ltr'>quibus</span> <span class='ocrx_word' id='word_1_72' title='bbox 984 1333 1063 1382; x_wconf 90' lang='lat' dir='ltr'>certe</span> <span class='ocrx_word' id='word_1_73' title='bbox 1085 1308 1227 1398; x_wconf 78' lang='lat' dir='ltr'>probatur</span> 
     </span>
     <span class='ocr_line' id='line_1_10' title="bbox 143 1426 1227 1506; baseline 0.005 -22"><span class='ocrx_word' id='word_1_74' title='bbox 143 1426 355 1485; x_wconf 85' lang='lat' dir='ltr'><strong>Telemachum</strong></span> <span class='ocrx_word' id='word_1_75' title='bbox 389 1427 472 1502; x_wconf 90' lang='lat' dir='ltr'>plura</span> <span class='ocrx_word' id='word_1_76' title='bbox 502 1426 611 1486; x_wconf 85' lang='lat' dir='ltr'>dixisse</span> <span class='ocrx_word' id='word_1_77' title='bbox 642 1444 732 1504; x_wconf 88' lang='lat' dir='ltr'>quarn</span> <span class='ocrx_word' id='word_1_78' title='bbox 764 1445 863 1488; x_wconf 91' lang='lat' dir='ltr'>versus</span> <span class='ocrx_word' id='word_1_79' title='bbox 896 1446 953 1504; x_wconf 86' lang='lat'>372</span> <span class='ocrx_word' id='word_1_80' title='bbox 989 1449 1043 1504; x_wconf 66' lang='lat' dir='ltr'>sq„</span> <span class='ocrx_word' id='word_1_81' title='bbox 1075 1449 1129 1506; x_wconf 90' lang='lat' dir='ltr'>per</span> <span class='ocrx_word' id='word_1_82' title='bbox 1152 1447 1227 1506; x_wconf 92' lang='lat' dir='ltr'>quos</span> 
     </span>
     <span class='ocr_line' id='line_1_11' title="bbox 143 1533 1223 1611; baseline 0.001 -19"><span class='ocrx_word' id='word_1_83' title='bbox 143 1535 288 1592; x_wconf 89' lang='lat' dir='ltr'>Kammer</span> <span class='ocrx_word' id='word_1_84' title='bbox 308 1533 480 1592; x_wconf 83' lang='lat' dir='ltr'>Telemachi</span> <span class='ocrx_word' id='word_1_85' title='bbox 501 1533 665 1592; x_wconf 81' lang='lat' dir='ltr'>orationem</span> <span class='ocrx_word' id='word_1_86' title='bbox 687 1536 853 1594; x_wconf 81' lang='lat' dir='ltr'>absolutam</span> <span class='ocrx_word' id='word_1_87' title='bbox 876 1555 939 1595; x_wconf 90' lang='lat' dir='ltr'>esse</span> <span class='ocrx_word' id='word_1_88' title='bbox 962 1535 1044 1594; x_wconf 93' lang='lat' dir='ltr'>dicit.</span> <span class='ocrx_word' id='word_1_89' title='bbox 1074 1535 1135 1611; x_wconf 87' lang='lat' dir='ltr'>Qui</span> <span class='ocrx_word' id='word_1_90' title='bbox 1157 1553 1223 1594; x_wconf 90' lang='lat' dir='ltr'>cum</span> 
     </span>
     <span class='ocr_line' id='line_1_12' title="bbox 143 1638 1227 1719; baseline 0.003 -22"><span class='ocrx_word' id='word_1_91' title='bbox 143 1659 194 1716; x_wconf 88' lang='lat' dir='ltr'>pg.</span> <span class='ocrx_word' id='word_1_92' title='bbox 219 1656 273 1716; x_wconf 65' lang='lat'>575</span> <span class='ocrx_word' id='word_1_93' title='bbox 296 1659 325 1699; x_wconf 91' lang='lat' dir='ltr'>n.</span> <span class='ocrx_word' id='word_1_94' title='bbox 341 1638 417 1698; x_wconf 89' lang='lat' dir='ltr'>ridet</span> <span class='ocrx_word' id='word_1_95' title='bbox 431 1639 521 1698; x_wconf 89' lang='lat' dir='ltr'>verba</span> <span class='ocrx_word' id='word_1_96' title='bbox 537 1639 662 1698; x_wconf 88' lang='lat' dir='ltr'>Hartelii</span> <span class='ocrx_word' id='word_1_97' title='bbox 678 1642 723 1715; x_wconf 90' lang='lat' dir='ltr'>(Z.</span> <span class='ocrx_word' id='word_1_98' title='bbox 739 1642 759 1698; x_wconf 82' lang='lat' dir='ltr'>f.</span> <span class='ocrx_word' id='word_1_99' title='bbox 776 1641 869 1700; x_wconf 91' lang='lat' dir='ltr'>Oestr.</span> <span class='ocrx_word' id='word_1_100' title='bbox 889 1642 1002 1717; x_wconf 87' lang='lat' dir='ltr'>Gymn.</span> <span class='ocrx_word' id='word_1_101' title='bbox 1016 1643 1075 1700; x_wconf 92' lang='lat' dir='ltr'>XV</span> <span class='ocrx_word' id='word_1_102' title='bbox 1090 1663 1139 1719; x_wconf 82' lang='lat' dir='ltr'>pg.</span> <span class='ocrx_word' id='word_1_103' title='bbox 1154 1643 1227 1719; x_wconf 81' lang='lat'><strong>486)</strong></span> 
     </span>
     <span class='ocr_line' id='line_1_13' title="bbox 147 1745 1226 1824; baseline 0.003 -20"><span class='ocrx_word' id='word_1_104' title='bbox 147 1745 214 1824; x_wconf 79' lang='lat' dir='ltr'>„die</span> <span class='ocrx_word' id='word_1_105' title='bbox 250 1748 343 1804; x_wconf 90' lang='lat' dir='ltr'>Verse</span> <span class='ocrx_word' id='word_1_106' title='bbox 375 1745 546 1822; x_wconf 78' lang='lat' dir='ltr'>athetieren‚</span> <span class='ocrx_word' id='word_1_107' title='bbox 577 1745 672 1804; x_wconf 89' lang='lat' dir='ltr'>hiesse</span> <span class='ocrx_word' id='word_1_108' title='bbox 704 1765 759 1805; x_wconf 91' lang='lat' dir='ltr'>uns</span> <span class='ocrx_word' id='word_1_109' title='bbox 791 1748 859 1804; x_wconf 85' lang='lat' dir='ltr'>sehr</span> <span class='ocrx_word' id='word_1_110' title='bbox 880 1748 1064 1807; x_wconf 89' lang='lat' dir='ltr'>werthvoller</span> <span class='ocrx_word' id='word_1_111' title='bbox 1088 1748 1226 1807; x_wconf 91' lang='lat' dir='ltr'>Indicien</span> 
     </span>
     <span class='ocr_line' id='line_1_14' title="bbox 144 1852 1227 1930; baseline 0.004 -20"><span class='ocrx_word' id='word_1_112' title='bbox 144 1873 196 1911; x_wconf 89' lang='lat' dir='ltr'>zur</span> <span class='ocrx_word' id='word_1_113' title='bbox 229 1852 441 1930; x_wconf 85' lang='lat' dir='ltr'>Beurtheilung</span> <span class='ocrx_word' id='word_1_114' title='bbox 475 1854 528 1911; x_wconf 90' lang='lat' dir='ltr'>des</span> <span class='ocrx_word' id='word_1_115' title='bbox 562 1853 693 1912; x_wconf 90' lang='lat' dir='ltr'>Ordners</span> <span class='ocrx_word' id='word_1_116' title='bbox 721 1852 905 1927; x_wconf 86' lang='lat' dir='ltr'>berauben‚&#39;’</span> <span class='ocrx_word' id='word_1_117' title='bbox 930 1854 1227 1914; x_wconf 88' lang='lat' dir='ltr'>animadvertendum</span> 
     </span>
     <span class='ocr_line' id='line_1_15' title="bbox 145 1937 1229 2036; baseline 0.003 -17"><span class='ocrx_word' id='word_1_118' title='bbox 145 1970 190 2019; x_wconf 90' lang='lat' dir='ltr'>est</span> <span class='ocrx_word' id='word_1_119' title='bbox 220 1960 296 2019; x_wconf 91' lang='lat' dir='ltr'>haec</span> <span class='ocrx_word' id='word_1_120' title='bbox 327 1958 447 2036; x_wconf 89' lang='lat' dir='ltr'>quidem</span> <span class='ocrx_word' id='word_1_121' title='bbox 481 1937 571 2018; x_wconf 88' lang='lat' dir='ltr'>verba</span> <span class='ocrx_word' id='word_1_122' title='bbox 602 1959 740 2036; x_wconf 89' lang='lat' dir='ltr'>principii</span> <span class='ocrx_word' id='word_1_123' title='bbox 762 1970 794 2018; x_wconf 93' lang='lat' dir='ltr'>ut</span> <span class='ocrx_word' id='word_1_124' title='bbox 816 1960 899 2019; x_wconf 88' lang='lat' dir='ltr'>aiunt</span> <span class='ocrx_word' id='word_1_125' title='bbox 919 1959 1099 2036; x_wconf 76' lang='lat' dir='ltr'>petitionem</span> <span class='ocrx_word' id='word_1_126' title='bbox 1120 1963 1229 2022; x_wconf 88' lang='lat' dir='ltr'>habere</span> 
     </span>
     <span class='ocr_line' id='line_1_16' title="bbox 145 2065 1230 2146; baseline 0.003 -21"><span class='ocrx_word' id='word_1_127' title='bbox 145 2067 198 2125; x_wconf 91' lang='lat' dir='ltr'>sed</span> <span class='ocrx_word' id='word_1_128' title='bbox 230 2075 329 2124; x_wconf 89' lang='lat' dir='ltr'>tamen</span> <span class='ocrx_word' id='word_1_129' title='bbox 362 2065 509 2126; x_wconf 87' lang='lat' dir='ltr'>rationem</span> <span class='ocrx_word' id='word_1_130' title='bbox 541 2069 629 2140; x_wconf 90' lang='lat' dir='ltr'>hanc,</span> <span class='ocrx_word' id='word_1_131' title='bbox 654 2085 748 2142; x_wconf 83' lang='lat' dir='ltr'>¹quam</span> <span class='ocrx_word' id='word_1_132' title='bbox 772 2078 890 2127; x_wconf 92' lang='lat' dir='ltr'>secutus</span> <span class='ocrx_word' id='word_1_133' title='bbox 913 2078 956 2128; x_wconf 91' lang='lat' dir='ltr'>est</span> <span class='ocrx_word' id='word_1_134' title='bbox 977 2068 1144 2142; x_wconf 86' lang='lat' dir='ltr'>Kirchhoff,</span> <span class='ocrx_word' id='word_1_135' title='bbox 1170 2087 1230 2146; x_wconf 89' lang='lat' dir='ltr'>qua</span> 
     </span>
     <span class='ocr_line' id='line_1_17' title="bbox 145 2172 1229 2252; baseline 0.004 -22"><span class='ocrx_word' id='word_1_136' title='bbox 145 2175 245 2251; x_wconf 89' lang='lat' dir='ltr'>plures</span> <span class='ocrx_word' id='word_1_137' title='bbox 287 2172 370 2232; x_wconf 90' lang='lat' dir='ltr'>simul</span> <span class='ocrx_word' id='word_1_138' title='bbox 411 2173 595 2232; x_wconf 87' lang='lat' dir='ltr'>difficultates</span> <span class='ocrx_word' id='word_1_139' title='bbox 632 2174 797 2232; x_wconf 79' lang='lat' dir='ltr'>referuntur</span> <span class='ocrx_word' id='word_1_140' title='bbox 834 2175 873 2233; x_wconf 88' lang='lat' dir='ltr'>ad</span> <span class='ocrx_word' id='word_1_141' title='bbox 912 2193 1002 2236; x_wconf 86' lang='lat' dir='ltr'>unam</span> <span class='ocrx_word' id='word_1_142' title='bbox 1042 2177 1229 2252; x_wconf 89' lang='lat' dir='ltr'>eandemque</span> 
     </span>
     <span class='ocr_line' id='line_1_18' title="bbox 147 2279 1230 2358; baseline 0 -18"><span class='ocrx_word' id='word_1_143' title='bbox 147 2279 295 2358; x_wconf 85' lang='lat' dir='ltr'>originem</span> <span class='ocrx_word' id='word_1_144' title='bbox 324 2279 424 2357; x_wconf 89' lang='lat' dir='ltr'>etqui</span> <span class='ocrx_word' id='word_1_145' title='bbox 446 2289 490 2338; x_wconf 90' lang='lat' dir='ltr'>est</span> <span class='ocrx_word' id='word_1_146' title='bbox 510 2279 587 2338; x_wconf 85' lang='lat' dir='ltr'>inter</span> <span class='ocrx_word' id='word_1_147' title='bbox 609 2299 658 2338; x_wconf 91' lang='lat' dir='ltr'>eas</span> <span class='ocrx_word' id='word_1_148' title='bbox 679 2299 773 2338; x_wconf 90' lang='lat' dir='ltr'>nexus</span> <span class='ocrx_word' id='word_1_149' title='bbox 795 2281 969 2357; x_wconf 88' lang='lat' dir='ltr'>explicatur,</span> <span class='ocrx_word' id='word_1_150' title='bbox 999 2282 1145 2342; x_wconf 91' lang='lat' dir='ltr'>veriorem</span> <span class='ocrx_word' id='word_1_151' title='bbox 1167 2301 1230 2341; x_wconf 89' lang='lat' dir='ltr'>esse</span> 
     </span>
     <span class='ocr_line' id='line_1_19' title="bbox 147 2386 1229 2468; baseline 0.002 -24"><span class='ocrx_word' id='word_1_152' title='bbox 147 2387 317 2446; x_wconf 88' lang='lat' dir='ltr'>habendam</span> <span class='ocrx_word' id='word_1_153' title='bbox 349 2397 439 2461; x_wconf 88' lang='lat' dir='ltr'>quarn</span> <span class='ocrx_word' id='word_1_154' title='bbox 471 2386 612 2445; x_wconf 88' lang='lat' dir='ltr'>damnare</span> <span class='ocrx_word' id='word_1_155' title='bbox 635 2405 734 2447; x_wconf 87' lang='lat' dir='ltr'>versus</span> <span class='ocrx_word' id='word_1_156' title='bbox 757 2399 808 2446; x_wconf 88' lang='lat' dir='ltr'>aut</span> <span class='ocrx_word' id='word_1_157' title='bbox 828 2390 948 2466; x_wconf 83' lang='lat' dir='ltr'>ignotos</span> <span class='ocrx_word' id='word_1_158' title='bbox 970 2401 1104 2450; x_wconf 85' lang='lat' dir='ltr'>auctores</span> <span class='ocrx_word' id='word_1_159' title='bbox 1128 2388 1229 2468; x_wconf 90' lang='lat' dir='ltr'>(inter-</span> 
     </span>
     <span class='ocr_line' id='line_1_20' title="bbox 147 2493 1229 2573; baseline 0.004 -23"><span class='ocrx_word' id='word_1_160' title='bbox 147 2494 313 2569; x_wconf 83' lang='lat' dir='ltr'>polatores)</span> <span class='ocrx_word' id='word_1_161' title='bbox 344 2495 515 2569; x_wconf 88' lang='lat' dir='ltr'>culpantem</span> <span class='ocrx_word' id='word_1_162' title='bbox 548 2493 623 2552; x_wconf 91' lang='lat' dir='ltr'>alios</span> <span class='ocrx_word' id='word_1_163' title='bbox 655 2493 761 2562; x_wconf 90' lang='lat' dir='ltr'>eicere,</span> <span class='ocrx_word' id='word_1_164' title='bbox 781 2495 826 2554; x_wconf 87' lang='lat' dir='ltr'>in</span> <span class='ocrx_word' id='word_1_165' title='bbox 859 2495 924 2555; x_wconf 85' lang='lat' dir='ltr'>aliis</span> <span class='ocrx_word' id='word_1_166' title='bbox 955 2496 1140 2573; x_wconf 87' lang='lat' dir='ltr'>explicandis</span> <span class='ocrx_word' id='word_1_167' title='bbox 1173 2515 1229 2554; x_wconf 92' lang='lat' dir='ltr'>nec</span> 
     </span>
     <span class='ocr_line' id='line_1_21' title="bbox 146 2599 1229 2676; baseline 0 -17"><span class='ocrx_word' id='word_1_168' title='bbox 146 2599 292 2675; x_wconf 89' lang='lat' dir='ltr'>simplicia</span> <span class='ocrx_word' id='word_1_169' title='bbox 323 2619 378 2658; x_wconf 88' lang='lat' dir='ltr'>nec</span> <span class='ocrx_word' id='word_1_170' title='bbox 410 2611 573 2676; x_wconf 85' lang='lat' dir='ltr'>comperta,</span> <span class='ocrx_word' id='word_1_171' title='bbox 604 2599 710 2667; x_wconf 87' lang='lat' dir='ltr'>hiatus,</span> <span class='ocrx_word' id='word_1_172' title='bbox 746 2611 870 2676; x_wconf 90' lang='lat' dir='ltr'>suturas,</span> <span class='ocrx_word' id='word_1_173' title='bbox 901 2602 1030 2662; x_wconf 89' lang='lat' dir='ltr'>causari.</span> <span class='ocrx_word' id='word_1_174' title='bbox 1073 2605 1150 2661; x_wconf 89' lang='lat' dir='ltr'>Nam</span> <span class='ocrx_word' id='word_1_175' title='bbox 1173 2603 1229 2660; x_wconf 90' lang='lat' dir='ltr'>hac</span> 
     </span>
     <span class='ocr_line' id='line_1_22' title="bbox 146 2706 1228 2782; baseline 0.003 -18"><span class='ocrx_word' id='word_1_176' title='bbox 146 2706 262 2766; x_wconf 88' lang='lat' dir='ltr'>ratione</span> <span class='ocrx_word' id='word_1_177' title='bbox 293 2706 326 2765; x_wconf 92' lang='lat' dir='ltr'>id</span> <span class='ocrx_word' id='word_1_178' title='bbox 354 2707 437 2781; x_wconf 91' lang='lat' dir='ltr'>quod</span> <span class='ocrx_word' id='word_1_179' title='bbox 471 2716 561 2782; x_wconf 89' lang='lat' dir='ltr'>caput</span> <span class='ocrx_word' id='word_1_180' title='bbox 591 2717 635 2765; x_wconf 91' lang='lat' dir='ltr'>est</span> <span class='ocrx_word' id='word_1_181' title='bbox 663 2725 724 2766; x_wconf 92' lang='lat' dir='ltr'>non</span> <span class='ocrx_word' id='word_1_182' title='bbox 746 2717 879 2765; x_wconf 83' lang='lat' dir='ltr'>curatur:</span> <span class='ocrx_word' id='word_1_183' title='bbox 901 2727 995 2766; x_wconf 91' lang='lat' dir='ltr'>nexus</span> <span class='ocrx_word' id='word_1_184' title='bbox 1016 2708 1067 2782; x_wconf 91' lang='lat' dir='ltr'>qui</span> <span class='ocrx_word' id='word_1_185' title='bbox 1088 2719 1131 2766; x_wconf 88' lang='lat' dir='ltr'>est</span> <span class='ocrx_word' id='word_1_186' title='bbox 1151 2708 1228 2767; x_wconf 90' lang='lat' dir='ltr'>inter</span> 
     </span>
     <span class='ocr_line' id='line_1_23' title="bbox 146 2812 494 2890; baseline -0.006 -18"><span class='ocrx_word' id='word_1_187' title='bbox 146 2813 277 2890; x_wconf 87' lang='lat' dir='ltr'>singulas</span> <span class='ocrx_word' id='word_1_188' title='bbox 299 2812 494 2872; x_wconf 88' lang='lat' dir='ltr'>difficultates.</span> 
     </span>
    </p>

    <p class='ocr_par' dir='ltr' id='par_1_3' title="bbox 113 2919 1234 4171">
     <span class='ocr_line' id='line_1_24' title="bbox 188 2919 1226 2996; baseline -0.001 -17"><span class='ocrx_word' id='word_1_189' title='bbox 188 2922 258 2980; x_wconf 92' lang='lat' dir='ltr'>Non</span> <span class='ocrx_word' id='word_1_190' title='bbox 291 2921 384 2980; x_wconf 91' lang='lat' dir='ltr'>multo</span> <span class='ocrx_word' id='word_1_191' title='bbox 415 2919 505 2996; x_wconf 91' lang='lat' dir='ltr'>pluris</span> <span class='ocrx_word' id='word_1_192' title='bbox 526 2919 670 2979; x_wconf 91' lang='lat' dir='ltr'>momenti</span> <span class='ocrx_word' id='word_1_193' title='bbox 690 2930 758 2979; x_wconf 91' lang='lat' dir='ltr'>sunt</span> <span class='ocrx_word' id='word_1_194' title='bbox 779 2939 856 2994; x_wconf 93' lang='lat' dir='ltr'>quae</span> <span class='ocrx_word' id='word_1_195' title='bbox 877 2930 981 2983; x_wconf 86' lang='lat' dir='ltr'>eontra</span> <span class='ocrx_word' id='word_1_196' title='bbox 1006 2921 1226 2982; x_wconf 88' lang='lat' dir='ltr'>Kirchhoffiurn</span> 
     </span>
     <span class='ocr_line' id='line_1_25' title="bbox 147 3026 1226 3105; baseline -0.001 -19"><span class='ocrx_word' id='word_1_197' title='bbox 147 3026 272 3087; x_wconf 89' lang='lat' dir='ltr'>adduxit</span> <span class='ocrx_word' id='word_1_198' title='bbox 310 3029 342 3086; x_wconf 92' lang='lat' dir='ltr'>C.</span> <span class='ocrx_word' id='word_1_199' title='bbox 378 3029 460 3104; x_wconf 75' lang='lat' dir='ltr'>Sim,</span> <span class='ocrx_word' id='word_1_200' title='bbox 491 3027 761 3104; x_wconf 84' lang='lat' dir='ltr'>Wiederholuugen</span> <span class='ocrx_word' id='word_1_201' title='bbox 799 3027 831 3087; x_wconf 89' lang='lat' dir='ltr'>iu</span> <span class='ocrx_word' id='word_1_202' title='bbox 871 3028 924 3086; x_wconf 92' lang='lat' dir='ltr'>der</span> <span class='ocrx_word' id='word_1_203' title='bbox 957 3029 1090 3105; x_wconf 91' lang='lat' dir='ltr'>Odyssee</span> <span class='ocrx_word' id='word_1_204' title='bbox 1122 3029 1226 3103; x_wconf 83' lang='lat'>(1882)</span> 
     </span>
     <span class='ocr_line' id='line_1_26' title="bbox 147 3135 1228 3211; baseline 0.003 -19"><span class='ocrx_word' id='word_1_205' title='bbox 147 3153 196 3211; x_wconf 89' lang='lat' dir='ltr'>pg.</span> <span class='ocrx_word' id='word_1_206' title='bbox 228 3151 265 3208; x_wconf 87' lang='lat'>74</span> <span class='ocrx_word' id='word_1_207' title='bbox 295 3143 363 3195; x_wconf 89' lang='lat' dir='ltr'>cett.</span> <span class='ocrx_word' id='word_1_208' title='bbox 406 3135 466 3209; x_wconf 92' lang='lat' dir='ltr'>Qui</span> <span class='ocrx_word' id='word_1_209' title='bbox 490 3153 558 3193; x_wconf 93' lang='lat' dir='ltr'>curn</span> <span class='ocrx_word' id='word_1_210' title='bbox 580 3135 729 3194; x_wconf 89' lang='lat' dir='ltr'>concedat</span> <span class='ocrx_word' id='word_1_211' title='bbox 749 3137 977 3196; x_wconf 85' lang='lat' dir='ltr'>Telemachiam</span> <span class='ocrx_word' id='word_1_212' title='bbox 999 3156 1059 3196; x_wconf 90' lang='lat' dir='ltr'>non</span> <span class='ocrx_word' id='word_1_213' title='bbox 1082 3137 1121 3195; x_wconf 91' lang='lat' dir='ltr'>ab</span> <span class='ocrx_word' id='word_1_214' title='bbox 1142 3135 1228 3207; x_wconf 90' lang='lat' dir='ltr'>initio</span> 
     </span>
     <span class='ocr_line' id='line_1_27' title="bbox 147 3240 1229 3320; baseline 0.002 -22"><span class='ocrx_word' id='word_1_215' title='bbox 147 3240 336 3300; x_wconf 86' lang='lat' dir='ltr'>vetustissimi</span> <span class='ocrx_word' id='word_1_216' title='bbox 368 3240 506 3300; x_wconf 87' lang='lat' dir='ltr'>carminis</span> <span class='ocrx_word' id='word_1_217' title='bbox 538 3252 651 3316; x_wconf 88' lang='lat' dir='ltr'>partem</span> <span class='ocrx_word' id='word_1_218' title='bbox 685 3242 772 3301; x_wconf 90' lang='lat' dir='ltr'>fuisse</span> <span class='ocrx_word' id='word_1_219' title='bbox 805 3277 842 3286; x_wconf 91' lang='lat'>-—</span> <span class='ocrx_word' id='word_1_220' title='bbox 877 3245 959 3318; x_wconf 90' lang='lat' dir='ltr'>quod</span> <span class='ocrx_word' id='word_1_221' title='bbox 981 3254 1121 3320; x_wconf 88' lang='lat' dir='ltr'>appareat</span> <span class='ocrx_word' id='word_1_222' title='bbox 1143 3252 1229 3302; x_wconf 89' lang='lat' dir='ltr'>etex</span> 
     </span>
     <span class='ocr_line' id='line_1_28' title="bbox 113 3347 1230 3428; baseline 0.001 -22"><span class='ocrx_word' id='word_1_223' title='bbox 113 3367 121 3374; x_wconf 89' lang='lat'>·</span> <span class='ocrx_word' id='word_1_224' title='bbox 148 3358 248 3407; x_wconf 85' lang='lat' dir='ltr'>sutura</span> <span class='ocrx_word' id='word_1_225' title='bbox 279 3347 311 3405; x_wconf 89' lang='lat' dir='ltr'>in</span> <span class='ocrx_word' id='word_1_226' title='bbox 344 3375 356 3405; x_wconf 68' lang='lat' dir='ltr'>a</span> <span class='ocrx_word' id='word_1_227' title='bbox 390 3348 441 3423; x_wconf 82' lang='lat' dir='ltr'>in,</span> <span class='ocrx_word' id='word_1_228' title='bbox 464 3350 585 3407; x_wconf 87' lang='lat' dir='ltr'>alterurn</span> <span class='ocrx_word' id='word_1_229' title='bbox 608 3347 733 3408; x_wconf 89' lang='lat' dir='ltr'>deorum</span> <span class='ocrx_word' id='word_1_230' title='bbox 756 3349 914 3408; x_wconf 90' lang='lat' dir='ltr'>eoncilium</span> <span class='ocrx_word' id='word_1_231' title='bbox 938 3350 1118 3428; x_wconf 87' lang='lat' dir='ltr'>proponenti</span> <span class='ocrx_word' id='word_1_232' title='bbox 1137 3349 1230 3426; x_wconf 90' lang='lat' dir='ltr'>idque</span> 
     </span>
     <span class='ocr_line' id='line_1_29' title="bbox 150 3453 1230 3533; baseline 0.002 -22"><span class='ocrx_word' id='word_1_233' title='bbox 150 3473 208 3512; x_wconf 90' lang='lat' dir='ltr'>nec</span> <span class='ocrx_word' id='word_1_234' title='bbox 241 3473 310 3512; x_wconf 91' lang='lat' dir='ltr'>curn</span> <span class='ocrx_word' id='word_1_235' title='bbox 342 3453 440 3530; x_wconf 91' lang='lat' dir='ltr'>priore</span> <span class='ocrx_word' id='word_1_236' title='bbox 472 3472 640 3530; x_wconf 86' lang='lat' dir='ltr'>congruens</span> <span class='ocrx_word' id='word_1_237' title='bbox 662 3474 719 3514; x_wconf 90' lang='lat' dir='ltr'>nec</span> <span class='ocrx_word' id='word_1_238' title='bbox 742 3455 869 3532; x_wconf 91' lang='lat' dir='ltr'>propriis</span> <span class='ocrx_word' id='word_1_239' title='bbox 891 3476 1061 3533; x_wconf 90' lang='lat' dir='ltr'>expressum</span> <span class='ocrx_word' id='word_1_240' title='bbox 1083 3455 1230 3528; x_wconf 83' lang='lat' dir='ltr'>uersibus3</span> 
     </span>
     <span class='ocr_line' id='line_1_30' title="bbox 152 3559 1230 3639; baseline 0.002 -21"><span class='ocrx_word' id='word_1_241' title='bbox 152 3559 263 3619; x_wconf 88' lang='lat' dir='ltr'>deinde</span> <span class='ocrx_word' id='word_1_242' title='bbox 301 3579 337 3618; x_wconf 89' lang='lat' dir='ltr'>ex</span> <span class='ocrx_word' id='word_1_243' title='bbox 368 3580 414 3628; x_wconf 88' lang='lat' dir='ltr'>eo,</span> <span class='ocrx_word' id='word_1_244' title='bbox 446 3561 529 3636; x_wconf 92' lang='lat' dir='ltr'>quod</span> <span class='ocrx_word' id='word_1_245' title='bbox 560 3561 615 3620; x_wconf 89' lang='lat' dir='ltr'>iter</span> <span class='ocrx_word' id='word_1_246' title='bbox 645 3562 819 3620; x_wconf 88' lang='lat' dir='ltr'>Telemachi</span> <span class='ocrx_word' id='word_1_247' title='bbox 852 3565 1037 3639; x_wconf 87' lang='lat' dir='ltr'>procedente</span> <span class='ocrx_word' id='word_1_248' title='bbox 1064 3562 1230 3622; x_wconf 86' lang='lat' dir='ltr'>narratione</span> 
     </span>
     <span class='ocr_line' id='line_1_31' title="bbox 151 3667 1230 3746; baseline 0.001 -22"><span class='ocrx_word' id='word_1_249' title='bbox 151 3669 317 3744; x_wconf 85' lang='lat' dir='ltr'>ignoratur:</span> <span class='ocrx_word' id='word_1_250' title='bbox 340 3680 492 3744; x_wconf 88' lang='lat' dir='ltr'>postremo</span> <span class='ocrx_word' id='word_1_251' title='bbox 513 3669 595 3744; x_wconf 90' lang='lat' dir='ltr'>quod</span> <span class='ocrx_word' id='word_1_252' title='bbox 617 3667 647 3726; x_wconf 94' lang='lat' dir='ltr'>in</span> <span class='ocrx_word' id='word_1_253' title='bbox 669 3688 704 3728; x_wconf 88' lang='lat' dir='ltr'>ea</span> <span class='ocrx_word' id='word_1_254' title='bbox 725 3689 795 3745; x_wconf 91' lang='lat' dir='ltr'>prae</span> <span class='ocrx_word' id='word_1_255' title='bbox 813 3680 912 3730; x_wconf 90' lang='lat' dir='ltr'>vetere</span> <span class='ocrx_word' id='word_1_256' title='bbox 928 3671 1063 3746; x_wconf 90' lang='lat' dir='ltr'>Odyssea</span> <span class='ocrx_word' id='word_1_257' title='bbox 1076 3667 1230 3729; x_wconf 89' lang='lat' dir='ltr'>domestici</span> 
     </span>
     <span class='ocr_line' id='line_1_32' title="bbox 150 3774 1232 3850; baseline -0.002 -16"><span class='ocrx_word' id='word_1_258' title='bbox 150 3775 247 3834; x_wconf 90' lang='lat' dir='ltr'>cultus</span> <span class='ocrx_word' id='word_1_259' title='bbox 277 3794 324 3834; x_wconf 90' lang='lat' dir='ltr'>res</span> <span class='ocrx_word' id='word_1_260' title='bbox 353 3774 519 3834; x_wconf 90' lang='lat' dir='ltr'>recentiora</span> <span class='ocrx_word' id='word_1_261' title='bbox 548 3785 683 3850; x_wconf 88' lang='lat' dir='ltr'>tempora</span> <span class='ocrx_word' id='word_1_262' title='bbox 705 3774 851 3834; x_wconf 90' lang='lat' dir='ltr'>denotant</span> <span class='ocrx_word' id='word_1_263' title='bbox 871 3811 911 3820; x_wconf 87' lang='lat'>—</span> <span class='ocrx_word' id='word_1_264' title='bbox 932 3775 1111 3835; x_wconf 88' lang='lat' dir='ltr'>Kirchhoffii</span> <span class='ocrx_word' id='word_1_265' title='bbox 1133 3776 1232 3834; x_wconf 91' lang='lat' dir='ltr'>obser-</span> 
     </span>
     <span class='ocr_line' id='line_1_33' title="bbox 150 3881 1233 3957; baseline 0.001 -19"><span class='ocrx_word' id='word_1_266' title='bbox 150 3881 320 3941; x_wconf 89' lang='lat' dir='ltr'>vationibus</span> <span class='ocrx_word' id='word_1_267' title='bbox 354 3882 483 3942; x_wconf 86' lang='lat' dir='ltr'>maxima</span> <span class='ocrx_word' id='word_1_268' title='bbox 514 3890 596 3957; x_wconf 87' lang='lat' dir='ltr'>parte</span> <span class='ocrx_word' id='word_1_269' title='bbox 620 3881 753 3956; x_wconf 85' lang='lat' dir='ltr'>probatis</span> <span class='ocrx_word' id='word_1_270' title='bbox 774 3891 874 3941; x_wconf 88' lang='lat' dir='ltr'>tamen</span> <span class='ocrx_word' id='word_1_271' title='bbox 898 3883 961 3942; x_wconf 92' lang='lat' dir='ltr'>eius</span> <span class='ocrx_word' id='word_1_272' title='bbox 984 3883 1022 3943; x_wconf 91' lang='lat' dir='ltr'>de</span> <span class='ocrx_word' id='word_1_273' title='bbox 1044 3883 1233 3941; x_wconf 84' lang='lat' dir='ltr'>diasceuasta</span> 
     </span>
     <span class='ocr_line' id='line_1_34' title="bbox 148 3986 1234 4066; baseline 0.001 -21"><span class='ocrx_word' id='word_1_274' title='bbox 148 3986 322 4047; x_wconf 87' lang='lat' dir='ltr'>sententiam</span> <span class='ocrx_word' id='word_1_275' title='bbox 359 3988 524 4064; x_wconf 88' lang='lat' dir='ltr'>improbat;</span> <span class='ocrx_word' id='word_1_276' title='bbox 560 4007 596 4046; x_wconf 91' lang='lat' dir='ltr'>ac</span> <span class='ocrx_word' id='word_1_277' title='bbox 630 3986 758 4063; x_wconf 90' lang='lat' dir='ltr'>primurn</span> <span class='ocrx_word' id='word_1_278' title='bbox 794 3989 917 4064; x_wconf 91' lang='lat' dir='ltr'>quidem</span> <span class='ocrx_word' id='word_1_279' title='bbox 953 3990 1023 4066; x_wconf 89' lang='lat' dir='ltr'>quia</span> <span class='ocrx_word' id='word_1_280' title='bbox 1054 4008 1115 4047; x_wconf 93' lang='lat' dir='ltr'>non</span> <span class='ocrx_word' id='word_1_281' title='bbox 1147 3987 1234 4047; x_wconf 82' lang='lat' dir='ltr'>fuerit</span> 
     </span>
     <span class='ocr_line' id='line_1_35' title="bbox 149 4094 1234 4171; baseline -0.002 -17"><span class='ocrx_word' id='word_1_282' title='bbox 149 4095 343 4154; x_wconf 88' lang='lat' dir='ltr'>Telemachia</span> <span class='ocrx_word' id='word_1_283' title='bbox 377 4114 496 4154; x_wconf 89' lang='lat' dir='ltr'>carmen</span> <span class='ocrx_word' id='word_1_284' title='bbox 528 4094 677 4171; x_wconf 85' lang='lat' dir='ltr'>peculiare</span> <span class='ocrx_word' id='word_1_285' title='bbox 706 4095 789 4169; x_wconf 94' lang='lat' dir='ltr'>quod</span> <span class='ocrx_word' id='word_1_286' title='bbox 811 4097 992 4157; x_wconf 86' lang='lat' dir='ltr'>extrinsecus</span> <span class='ocrx_word' id='word_1_287' title='bbox 1014 4099 1133 4156; x_wconf 89' lang='lat' dir='ltr'>allatum</span> <span class='ocrx_word' id='word_1_288' title='bbox 1156 4094 1234 4153; x_wconf 86' lang='lat' dir='ltr'>dias·</span> 
     </span>
    </p>
   </div>
   <div class='ocr_carea' id='block_1_3' title="bbox 151 4201 1325 4287">
    <p class='ocr_par' dir='ltr' id='par_1_4' title="bbox 151 4201 1325 4287">
     <span class='ocr_line' id='line_1_36' title="bbox 151 4201 1325 4287; baseline -0.003 -25"><span class='ocrx_word' id='word_1_289' title='bbox 151 4212 280 4277; x_wconf 89' lang='lat' dir='ltr'>ceuasta‚</span> <span class='ocrx_word' id='word_1_290' title='bbox 313 4221 402 4278; x_wconf 89' lang='lat' dir='ltr'>quern</span> <span class='ocrx_word' id='word_1_291' title='bbox 436 4203 492 4262; x_wconf 95' lang='lat' dir='ltr'>sibi</span> <span class='ocrx_word' id='word_1_292' title='bbox 527 4201 608 4261; x_wconf 89' lang='lat' dir='ltr'>finxit</span> <span class='ocrx_word' id='word_1_293' title='bbox 629 4203 797 4278; x_wconf 86' lang='lat' dir='ltr'>Kirchhoff,</span> <span class='ocrx_word' id='word_1_294' title='bbox 831 4206 1076 4287; x_wconf 85' lang='lat' dir='ltr'>coniungendum</span> <span class='ocrx_word' id='word_1_295' title='bbox 1110 4203 1235 4261; x_wconf 89' lang='lat' dir='ltr'>duceret</span> <span class='ocrx_word' id='word_1_296' title='bbox 1323 4265 1325 4272; x_wconf 26' lang='lat'><strong><em>¹</em></strong></span> 
     </span>
    </p>
   </div>
   <div class='ocr_carea' id='block_1_4' title="bbox 0 0 1479 4886">
    <p class='ocr_par' dir='ltr' id='par_1_5' title="bbox 0 0 1479 4886">
     <span class='ocr_line' id='line_1_37' title="bbox 0 0 1479 4886; baseline 0 0"><span class='ocrx_word' id='word_1_297' title='bbox 0 0 1479 4886; x_wconf 95' lang='lat' dir='ltr'> </span> 
     </span>
    </p>
   </div>
  </div>
 </body>
</html>
