2884 4880
579 401 617 475 8³

89 577 148 636 duos
166 587 257 635 tantum
278 579 361 637 locos
385 581 413 654 (τ
436 598 491 651 104
514 580 552 639 ci.
574 605 590 652 η
613 599 685 654 2373
707 605 724 650 χ
748 597 800 652 147
826 580 862 636 cs.
886 605 899 636 r
922 599 989 657 297,
1004 582 1074 653 406)
1094 598 1130 638 ex

88 696 166 744 vetere
188 692 296 770 Νόστῳ
323 686 453 761 reperiat
479 706 542 746 esse
564 705 725 763 expressos
747 685 827 743 illam
849 695 963 760 partem
985 684 1133 762 posterius

84 790 185 866 quidem
202 791 245 850 sed
266 802 366 849 tamen
389 793 427 851 ab
451 792 515 868 ipso
537 792 643 851 veteris
665 799 799 861 Νόστου
823 803 913 866 poeta
932 792 1133 869 compositam

84 917 136 958 esse
159 897 226 956 dicit.
265 900 327 957 Nos
349 898 386 957 de
409 910 515 958 neutro
538 902 607 958 loco
635 918 702 958 curn
728 899 780 959 illo
807 899 1022 974 consentimus,
1050 900 1133 976 quod

82 1010 102 1065 si
120 1006 226 1064 maxime
245 1005 284 1063 ita
306 1017 381 1064 esset
401 1017 434 1064 ut
456 1004 523 1065 Sittl
546 1010 615 1073 vult.
642 1018 739 1066 tamen
762 1025 831 1065 cum
851 1005 984 1081 infirmis,
1004 1018 1036 1065 ut
1051 1005 1131 1065 vidi-

80 1133 145 1187 mus,
165 1112 330 1190 argumentis
351 1115 442 1172 fretus
463 1133 500 1172 ex
521 1115 614 1173 altera
638 1124 720 1190 parte
740 1112 899 1190 particulas
921 1113 1065 1189 quasdam
1088 1133 1134 1172 se-

78 1219 172 1296 iungat,
200 1219 232 1277 de
263 1230 326 1278 tota
356 1239 388 1278 re
416 1238 484 1278 cum
513 1211 549 1278 eo
572 1221 671 1278 facere
695 1238 757 1279 non
778 1239 944 1296 possumus,
967 1239 1023 1278 nec
1046 1220 1133 1296 pauci

77 1327 185 1401 quidam
211 1325 267 1384 loci
296 1344 364 1383 cum
393 1325 456 1386 aliis
478 1326 642 1402 comparati
663 1327 701 1385 ad
725 1338 836 1385 tantam
862 1347 922 1384 rern
946 1327 1132 1387 statuendam

76 1435 193 1492 sufficere
207 1432 344 1490 videntur.
368 1433 484 1492 Eodem
500 1434 593 1492 modo
609 1434 762 1493 contendit
775 1433 998 1493 Telemachiam
1010 1436 1133 1495 recenti·

75 1559 148 1598 orem
177 1539 288 1616 quidem
326 1558 388 1597 esse
416 1559 506 1616 quam
530 1540 625 1601 Ulixis
648 1540 786 1617 reditum,
807 1561 868 1600 non
891 1553 988 1599 tamen
1012 1561 1132 1601 carmen

72 1667 121 1723 per
140 1667 167 1705 se
186 1647 363 1722 absolutum3
387 1666 447 1705 non
471 1647 669 1722 separandum
691 1667 754 1707 esse
767 1648 975 1708 ¹recentiorem
997 1650 1036 1708 ab
1060 1650 1133 1708 anti·

70 1754 165 1830 quiore
193 1760 319 1836 Νόστῳ,
352 1764 507 1828 ceteraque
540 1772 616 1831 quae
649 1756 688 1813 ab
720 1774 757 1815 eo
791 1766 896 1813 contra
917 1755 1133 1814 Kirchhoffium

68 1862 208 1938 disputata
236 1862 295 1921 iam
327 1859 524 1921 tractavimus.
568 1861 645 1919 Cum
679 1860 710 1918 in
733 1859 847 1937 origine
869 1862 1022 1938 Odysseae
1046 1864 1136 1940 expli·

66 1970 158 2027 canda
177 1972 367 2028 Kammerum
389 1989 420 2027 se
441 1967 525 2044 sequi
546 1967 627 2027 dicat
649 1969 689 2043 (p.
716 1970 784 2043 163)
805 1988 862 2027 nec
883 1968 944 2044 ipse
961 1989 1040 2028 nova
1054 1988 1136 2048 argu·

63 2087 160 2134 menta
180 2075 316 2153 attulerit,
338 2077 411 2134 haec
433 2075 471 2132 de
494 2094 530 2134 eo
552 2093 732 2133 memorasse
755 2076 886 2134 sufficere
907 2075 1033 2134 videtur.

103 2182 282 2240 Peculiarem
304 2181 334 2240 in
357 2180 520 2240 Homerica
541 2182 717 2255 quaestione
740 2180 934 2240 diiudicanda
959 2184 1061 2240 locum
1084 2183 1138 2241 ob·

58 2289 132 2346 tinet
146 2290 321 2348 Benedictus
336 2291 429 2346 Niese
442 2286 471 2344 in
487 2287 563 2344 libro
580 2286 825 2364 „Entwickelung
840 2287 893 2346 der
905 2291 996 2348 Hom.
1009 2287 1136 2348 Poesie''

57 2397 175 2471 (1882).
198 2407 355 2472 propterea
375 2393 458 2470 quod
478 2403 568 2471 negat
589 2404 657 2453 ante
681 2393 843 2454 Homerica
861 2394 994 2454 carmina
1009 2398 1082 2454 ullas
1098 2397 1136 2454 de

56 2503 196 2562 heroibus
217 2480 332 2562 fabulas
353 2501 433 2578 apud
455 2503 598 2577 populum
623 2502 806 2560 Graecorum
822 2500 976 2561 exstitisse.
999 2502 1137 2578 Cyclicos

56 2621 159 2685 poetas
192 2609 268 2668 dicit
299 2613 339 2685 (p.
374 2612 423 2687 29)
456 2608 609 2666 materiam
632 2626 716 2668 suam
738 2608 894 2684 sumpsisse
916 2629 932 2668 e
954 2610 1136 2686 quibusdam

56 2717 156 2776 [liadis
188 2726 217 2775 et
251 2715 402 2791 Odysseae
432 2715 520 2784 loeisr
555 2717 721 2774 Homerum
752 2715 846 2792 ipsum
876 2733 958 2774 suam
982 2717 1134 2776 materiam

57 2843 110 2882 ron
146 2825 248 2881 solum
281 2821 461 2898 disposuisse
490 2820 544 2880 sed
576 2822 664 2880 etiam
698 2821 844 2880 invenisse
867 2821 1004 2885 omnino.
1047 2825 1139 2882 Hanc

59 2929 253 3005 ententiam,
285 2927 333 2986 cui
364 2938 442 2987 totus
473 2929 674 2996 adhaerescit,
710 2931 836 3006 probare
872 2927 985 2988 studuit
1020 2929 1051 2987 in
1089 2951 1139 2990 ex-

60 3057 136 3094 ursu
171 3034 274 3111 primo
306 3055 353 3111 pp.
379 3055 527 3113 233-49.
571 3035 633 3095 Ubi
655 3041 747 3112 negat
769 3056 821 3112 per
842 3056 877 3095 ea
903 3056 980 3112 quae
1008 3039 1141 3098 Achilles

58 3153 173 3201 antare
208 3142 329 3216 dicitur,
361 3140 439 3206 κλέα
464 3141 594 3224 ἀνδρῶν
617 3139 644 3214 (I
670 3143 723 3199 186
747 3144 783 3200 cf.
802 3143 1141 3220 073)epicascompo-

58 3250 172 3309 tiones
209 3248 352 3308 indicari.
403 3252 443 3307 At
474 3248 583 3306 eodem
614 3247 690 3306 libro
722 3247 749 3327 (Ι
781 3266 838 3324 5²4
870 3255 953 3316 οὕτω
987 3255 1047 3334 μὲν
1085 3259 1141 3318 καὶ

58 3364 198 3440 Ἰρόσθειικ
239 3363 451 3438 ἐπευθόμεθα
486 3358 564 3423 κλέα
587 3357 731 3441 ἀνδρῶν)
773 3355 882 3415 eisdem
921 3358 1019 3417 verbis
1054 3359 1144 3418 utitur

59 3463 199 3526 hoenix.
238 3483 308 3522 cum
338 3463 442 3540 incipit
473 3465 512 3523 de
546 3465 700 3541 Meleagro
725 3483 851 3531 narrare,
874 3464 951 3540 epici
978 3475 1057 3524 certe
1083 3487 1143 3526 car·

59 3569 132 3627 ,inis
170 3569 337 3629 materiam
369 3589 522 3647 usurpans.
564 3574 644 3629 Num
667 3569 754 3630 etiam
777 3571 926 3646 Phemius,
949 3575 1142 3633 Demodocus

64 3696 101 3733 as
144 3680 256 3758 οἴμας
298 3690 439 3737 canentes
477 3680 515 3737 ab
556 3681 692 3737 Homero
734 3677 821 3736 nobis
860 3676 996 3736 videntur
1030 3679 1143 3739 inventi

59 3785 124 3840 se?
176 3786 235 3840 An
266 3783 364 3859 potius
387 3795 524 3860 putemus
546 3786 629 3862 qnod
650 3785 724 3844 inter
746 3789 884 3861 aequales
906 3786 1038 3862 usurpari
1064 3787 1142 3845 vide·

60 3901 78 3946 ,t
120 3907 263 3963 manua,
295 3889 327 3947 id
360 3891 403 3949 his
435 3892 568 3967 personis
589 3891 756 3951 attribuisse
778 3895 922 3968 poetam?
964 3895 1033 3952 Non
1056 3904 1144 3969 negat

61 4017 125 4055 ese
154 3999 284 4056 multos
306 4018 408 4058 eorum
423 3998 513 4073 quiin
528 3998 698 4058 Homericis
710 3998 891 4058 carminibus
903 3999 1094 4059 nominentur
1105 4035 1143 4043 -

60 4115 230 4180 estorem,
267 4106 465 4182 Tyndaridas,
490 4107 662 4178 Herculem,
685 4105 859 4179 Phaedram,
882 4107 1013 4180 Procrin,
1040 4106 1144 4165 Ariad-

60 4230 93 4279 n,
137 4211 238 4271 alios
274 4245 311 4256 —
333 4213 392 4270 iarn
414 4224 483 4271 ante
507 4212 637 4270 carmina
657 4212 722 4288 ipsa¹
744 4224 832 4272 notos
853 4213 949 4286 fuisse,
972 4223 1001 4270 at
1023 4214 1144 4274 nomine
