2804 5518
789 409 844 464 130

756 571 870 628 XVIII.

316 704 406 780 Apud
426 704 565 780 Thucyd.
587 707 677 766 1:2'0
700 704 851 763 deleantur
874 705 964 763 verba
986 707 1044 782 τὴν
1075 703 1319 782 Παναθηναϊκὴι

276 824 418 901 πομπὴν-
433 818 675 900 ὃιακοσμοῦντι.

773 929 854 987 ΧΙΧ.
941 935 943 938 ’

317 1068 416 1125 Verba
447 1066 532 1124 Pind.
565 1067 650 1141 Pyth.
682 1069 719 1126 I:
743 1085 781 1136 40
804 1061 974 1141 ἐθελήσαις
998 1064 1102 1124 ταῦτα
1127 1066 1187 1143 νόῳ
1211 1053 1325 1120 τιθέναι

278 1179 436 1262 εὔανδρον
461 1205 494 1242 τε
520 1184 640 1264 χώραν.

318 1295 432 1371 virgula
452 1296 548 1371 posita
563 1305 630 1371 post
645 1300 707 1378 νόῳ
723 1296 877 1354 vertimus:
901 1293 982 1352 Velis
997 1295 1071 1352 haee
1086 1293 1185 1351 animo
1200 1301 1227 1349 et
1240 1285 1327 1346 reddas

278 1405 431 1481 regionem
453 1406 522 1464 viris
542 1408 707 1465 florentem.
920 1470 923 1476 ,

736 1505 740 1508 ’
779 1513 848 1570 XX.
996 1529 999 1548 ¹

319 1643 405 1704 Ovid.
436 1647 559 1703 Metam.
584 1646 658 1703 VIII
685 1647 751 1706 188.
773 1642 864 1710 Dixit,
886 1652 914 1701 et
934 1641 1052 1718 ignotas
1072 1641 1202 1699 animum
1224 1634 1329 1694 dimittit

277 1750 308 1808 in
329 1761 415 1810 artes.
458 1751 650 1828 Legendum:
675 1749 810 1809 demittit.

777 1882 859 1938 XXI.

318 2011 394 2071 Ibid.
409 2032 464 2070 vss.
483 2029 540 2088 513
558 2032 601 2088 sq.
617 2014 677 2071 Aut
691 2011 785 2084 dedit,
799 2022 848 2069 aut
862 2011 940 2069 visus
953 2011 1080 2087 gemitus
1096 2021 1140 2070 est
1156 2011 1218 2086 ipse
1232 2004 1333 2066 dedisse

437 2117 542 2194 Stipes,
564 2129 596 2176 ut
616 2121 718 2176 invitis
738 2129 889 2194 correptus
913 2119 951 2176 ab
974 2117 1092 2195 ignibus
1113 2116 1192 2176 arsit.

320 2226 536 2303 Corrigendum
561 2217 648 2302 puto:
672 2225 784 2284 invisis.

768 2359 867 2417 XXII.

319 2477 395 2536 Ibid.
420 2480 464 2536 XI
485 2497 540 2536 vss.
565 2494 621 2554 525
647 2487 679 2536 ut
700 2477 843 2538 miles...
867 2477 943 2536 Cum
966 2496 1054 2552 saepe
1077 2475 1195 2534 adsiluit
1216 2473 1337 2549 defensae
1396 2482 1397 2513 ὲ

280 2583 437 2642 moenibus
459 2581 540 2642 urbis

320 2711 377 2749 vox
399 2692 580 2763 „defensae”
604 2701 742 2767 corrupta
764 2710 800 2749 ex
822 2689 1004 2762 „defessae”

764 2811 879 2880 xxm.

320 2942 421 3001 Livius
446 2944 570 3005 XXXI:
589 2960 622 3016 17
642 2960 680 3017 :7
704 2941 756 3002 ubi
779 2962 898 3002 caesam
920 2941 1016 3000 aciem
1040 2958 1161 3000 suorum
1184 2959 1236 3018 pro
1257 2937 1340 2995 diruto

281 3069 365 3110 muro
383 3059 564 3130 pugnantem
588 3050 729 3109 vidissent

322 3161 377 3218 Pro
400 3157 622 3235 „pugnantem”
646 3159 744 3217 malim
765 3155 1012 3236 „pugnantium”

760 3304 874 3360 XXIV.

323 3421 420 3480 Tacit.
444 3419 541 3496 Agris.
560 3439 625 3495 cap.
644 3422 661 3477 6
678 3420 708 3493 (l.
728 3421 763 3478 16
780 3420 827 3478 ed.
842 3421 945 3493 Halm)
961 3419 1064 3477 Ludos
1080 3430 1112 3479 et
1126 3418 1227 3476 inania
1241 3411 1345 3476 honoris

282 3530 382 3588 medio
414 3527 534 3588 rati0nIs
567 3539 656 3605 atque
684 3528 883 3587 abundantiae
907 3527 1000 3605 duxit,
1022 3526 1063 3586 uti
1083 3529 1176 3605 longe
1200 3547 1217 3584 a
1237 3520 1345 3591 luxuria,

283 3639 324 3696 ita
345 3639 440 3695 famae
456 3639 595 3713 propior.

327 3743 439 3804 Ultimo
461 3745 608 3802 vocabulo
631 3741 882 3800 substituendum:
906 3740 1078 3816 ‚‚pronior”.

773 3875 871 3932 XXV.

324 3995 401 4054 Ibid.
427 3997 461 4056 C.
488 4016 533 4070 11,
555 3997 575 4055 l.
600 4015 647 4071 ιι,
668 4011 769 4054 eorum
789 4013 876 4074 saera
897 3993 1105 4068 deprehendas
1121 3991 1346 4071 superstitionum
1396 4007 1397 4014 ¹

285 4103 372 4182 (pari)
393 4098 595 4179 persuasione.

326 4210 520 4268 Inserendum
543 4209 722 4268 vocabulum
744 4207 862 4265 uncinis
883 4206 1038 4266 inclusum.
