2928 4886
801 366 836 416 14

273 524 348 583 rium
370 524 398 582 ei
420 523 614 582 metuendum
636 522 762 588 dicenti.
791 525 890 598 Quam
911 533 1067 599 postquam
1090 523 1245 582 mendicus
1260 523 1369 584 mina·

273 641 318 689 tus
350 629 422 688 iram
455 628 626 688 Telemachi
659 649 717 688 una
749 647 817 688 cum
849 629 955 688 ceteris
988 629 1104 688 ancillis
1135 632 1255 706 expulit,
1293 628 1371 707 ipse

274 736 371 797 officio
393 753 493 794 earum
516 735 652 814 iungitur.
696 738 774 795 Tum
797 738 1013 812 Eurymachus,
1029 736 1166 796 Minerva
1182 736 1368 815 instigante,

274 841 375 901 irridet
403 841 573 900 mendicum
602 843 642 901 ob
667 842 817 902 calvitiem
840 841 945 918 capitis
966 842 1077 900 lumine
1099 842 1243 907 illustrati¹
1267 845 1369 902 isdem

276 951 340 1007 lere
372 950 470 1007 verbis
500 951 604 1025 quibus
634 960 723 1008 aulea
755 951 939 1008 Melanthius
966 969 1044 1008 usus.
1086 947 1139 1007 Oui
1172 949 1214 1008 ira
1244 951 1368 1028 hospes

275 1065 443 1115 commotus
464 1055 526 1130 ipse
547 1073 668 1130 quoque
690 1057 781 1114 verba
806 1058 970 1134 pungentia
991 1058 1169 1132 respondet3
1191 1077 1252 1135 quo
1275 1060 1367 1118 facto

275 1162 406 1219 scabello
438 1161 476 1218 ab
506 1163 697 1238 Eurymacho
729 1162 838 1239 petitus
871 1163 1003 1240 confugit
1034 1164 1073 1222 ad
1099 1164 1365 1240 Amphinomum;

230 1304 232 1308 -
275 1268 418 1344 pincerna
438 1270 569 1327 scabello
592 1267 699 1328 feritur.
743 1271 855 1328 Preces
875 1272 1036 1330 mendicum
1060 1282 1246 1330 exsecrantes
1266 1272 1361 1330 Tele·

275 1379 398 1435 machus
419 1376 618 1453 reprehendit,
640 1377 860 1453 Amphinomus
884 1380 976 1438 sedat.
1020 1379 1081 1454 Qui
1104 1361 1260 1454 postquam
1282 1377 1367 1436 liba-

275 1484 356 1543 tione
378 1486 458 1543 facta
479 1483 625 1558 abierunt,
647 1484 750 1545 Ulixes
768 1502 835 1543 cum
851 1487 1031 1544 Telemacho
1047 1485 1163 1545 relictus
1178 1485 1258 1542 hunc
1273 1504 1364 1544 arma

276 1592 459 1650 abscondere
492 1590 585 1666 iubet,
615 1593 725 1649 iterate
756 1593 837 1668 quad
865 1595 895 1649 iu
927 1595 1140 1651 consultatione
1170 1593 1245 1652 libri
1262 1615 1286 1647 a
1312 1615 1366 1654 ex·

275 1702 461 1773 cogitaverat
495 1705 650 1756 commeate
681 1699 826 1758 aduersus
855 1709 961 1775 preces
993 1701 1120 1772 uleude,·
1155 1703 1272 1760 ancillis
1301 1715 1366 1778 per

276 1807 450 1881 Eurycliam
483 1808 609 1864 exclusis
640 1825 722 1864 arma
753 1807 933 1872 auferuntur,
964 1825 1025 1880 quo
1057 1807 1136 1866 iacto
1158 1809 1364 1868 Telemachus

277 1913 411 1970 cubitum
433 1912 463 1970 it.
503 1913 642 1971 Mendiee
665 1914 767 1971 relicte
790 1911 911 1970 obviam
934 1912 1013 1970 venit
1035 1915 1202 1990 Penelope;
1235 1915 1364 1974 veniunt

277 2019 403 2090 ancillae
438 2038 474 2076 ex
508 2021 639 2078 conclaui
667 2019 706 2076 ad
731 2037 848 2078 mensas
879 2017 1044 2092 tollendas;
1074 2019 1219 2095 equibus
1242 2021 1362 2079 Melan-

278 2127 330 2184 tho
366 2125 470 2183 iterum
507 2124 678 2183 mendicum
713 2103 919 2202 obiurgantem
955 2128 1103 2201 Penelope
1137 2125 1256 2202 pessimi
1287 2127 1360 2186 faci-

278 2231 357 2290 noris
392 2231 547 2291 consciam
579 2231 667 2290 dicit:
700 2235 807 2310 quhtpe
837 2252 889 2291 sue
920 2235 1014 2309 ipsim
1045 2235 1126 2292 iussu
1156 2234 1296 2309 hospitem
1331 2256 1363 2292 se

278 2358 398 2397 manere
427 2340 514 2414 idque
542 2359 604 2397 eam
628 2342 695 2398 hene
715 2341 837 2398 nouisse.
880 2340 997 2399 Deinde
1018 2340 1104 2399 sedili
1125 2341 1164 2398 ab
1187 2342 1362 2417 Eurynome

278 2446 377 2523 posito
398 2446 530 2506 residens
553 2446 701 2523 hospitem
723 2458 807 2523 rogat
828 2446 894 2521 quis
917 2445 962 2505 sit.
985 2444 1073 2514 Quod
1094 2465 1162 2504 cum
1182 2446 1233 2506 ille
1256 2447 1362 2507 dicere

278 2565 393 2614 recuset
414 2574 453 2613 ne
478 2553 621 2612 memoria
644 2557 790 2613 malorum
812 2553 1001 2630 opprimatur,
1024 2553 1088 2629 ipsa
1109 2554 1147 2612 de
1168 2554 1228 2613 suis
1243 2571 1361 2613 aerum-

279 2661 324 2720 nis
355 2659 457 2737 incipit
490 2680 607 2720 narrare
640 2660 738 2736 deque
766 2660 865 2737 procis
885 2659 1018 2719 staminis
1040 2661 1112 2719 dolo
1135 2659 1246 2719 delusis
1269 2662 1363 2720 etde

279 2767 478 2842 matrimonio,
510 2784 577 2824 cum
611 2765 670 2825 iam
702 2767 819 2825 adultus
850 2765 886 2825 sit
907 2766 1115 2841 Telemachus,
1137 2765 1221 2824 brevi
1245 2767 1346 2824 futuro
1354 2787 1363 2840 ς

278 2886 428 2952 postremo
460 2873 664 2951 quaestionem
697 2890 780 2931 suam
806 2872 900 2931 iterat.
944 2876 1032 2932 Tunc
1052 2873 1161 2948 hospes
1183 2872 1362 2931 Cretensem

281 3001 311 3040 se
349 3000 412 3040 esse
451 2981 532 3048 dicit,
565 2979 676 3041 Minois
709 2993 860 3057 nepotem,
892 2974 1047 3040 Idomenei
1077 2981 1204 3045 fratrem.
1235 2979 1363 3038 nomine

280 3088 448 3148 Aethonem
488 3092 529 3161 1);
562 3089 688 3146 affirmat
719 3087 749 3145 in
782 3088 871 3159 Creta
902 3087 981 3162 apud
1003 3105 1034 3144 se
1055 3084 1174 3145 Ulixem
1195 3084 1361 3144 devertisse

281 3215 350 3254 cum
371 3194 493 3254 Troiam
514 3193 569 3252 iter
590 3195 707 3253 faceret.
751 3193 808 3252 His
832 3193 929 3252 verbis
951 3193 1121 3269 Penelopae
1143 3191 1280 3251 lacrimas
1296 3211 1362 3251 mo-

281 3322 365 3370 vens,
389 3322 419 3361 se
434 3302 530 3377 ipsum
545 3321 653 3378 magna
664 3300 855 3360 contentione
867 3299 1013 3377 reprimit;
1035 3298 1209 3377 rogantique
1224 3298 1362 3375 depingit

281 3427 439 3484 personam
463 3420 491 3466 et
513 3407 640 3484 speciem
663 3408 776 3481 Ulixis3
798 3426 857 3482 qua
879 3427 910 3465 re
931 3407 1049 3484 gravius
1071 3409 1160 3464 etiam
1176 3417 1360 3465 commotam

282 3516 454 3574 consolatur
476 3513 642 3573 indicando
664 3514 800 3591 proximo
823 3512 918 3572 Ulixis
939 3512 1045 3590 reditu,
1059 3513 1097 3571 de
1113 3532 1174 3589 quo
1189 3532 1207 3570 a
1220 3512 1360 3571 Phidone

281 3641 348 3699 rege
370 3621 566 3698 Thesprotiae
588 3620 749 3697 acceperit.
790 3622 842 3679 Ae
860 3641 921 3679 eum
944 3624 1018 3679 caim
1048 3623 1174 3697 Ulixem,
1188 3641 1262 3679 naue
1275 3622 1362 3680 Ievis

282 3740 310 3788 el
331 3731 410 3788 Solis
430 3739 522 3806 opera
543 3732 662 3802 amissa,
683 3749 702 3785 a
726 3729 910 3787 Phaeacibus
930 3729 1181 3800 delectaminum
1199 3727 1358 3786 Dedenam

277 3839 446 3913 prefectum
468 3840 619 3896 oraculum
640 3838 724 3895 Ievis
745 3837 844 3894 desua
858 3837 956 3894 reditu
971 3837 1182 3894 consulturum.
1203 3835 1359 3892 Postremo

318 4093 343 4156 1)
364 4091 406 4138 Ad
432 4108 525 4140 nomen
550 4091 646 4141 Αἴθων
671 4093 696 4154 (τ
719 4091 774 4152 183)
803 4090 834 4140 ci.
853 4089 924 4137 Pind.
946 4088 985 4138 Ol.
1005 4091 1056 4140 Xl:
1077 4103 1109 4138 20
1136 4091 1228 4137 αἴθων
1246 4086 1359 4154 ἀλώπηξ

281 4173 299 4222 i.
317 4188 339 4222 e.
358 4173 440 4222 dolia
460 4181 486 4222 ut
503 4174 590 4222 Schol.
609 4173 725 4238 explicat.
