2804 5518
760 363 816 422 108

248 542 383 603 iniuriam
420 542 498 604 Ulixi
530 545 568 602 ab
600 543 653 602 illo
685 543 795 604 illatam
818 543 987 621 putabimus
1009 547 1118 604 factam
1139 561 1204 620 esse3
1220 553 1240 601 et
1254 559 1275 598 re

248 670 317 710 vera
339 670 399 726 quo
421 652 490 710 loco
512 668 590 708 nunc
611 649 688 709 illius
709 649 829 710 iniuriae
850 649 977 708 narratio
999 650 1096 726 posita
1117 661 1165 716 est,
1180 673 1193 723 4
1208 649 1278 724 336-

248 777 319 834 49ῐ,
336 768 469 835 pugnant
489 757 637 834 quaedam
659 774 726 815 cum
751 768 850 816 cetera
872 756 1056 834 narratione3
1079 776 1147 816 nam
1168 756 1278 828 Penelope

252 864 371 924 Ulixem
402 865 440 922 ab
463 863 598 923 Antinoo
620 863 711 922 ictum
733 862 826 922 oculis
848 862 907 921 suis
931 862 1087 941 conspicit,
1107 863 1182 941 quod
1199 860 1282 921 eteius

248 971 465 1078 exclamatione
497 991 556 1048 494
590 970 660 1036 αἴθ’
695 973 793 1048 οὕτως
825 973 925 1038 αὐτόν
954 995 986 1036 σε
1012 970 1107 1058 βάλοι
1132 969 1283 1044 κλυτότοξος
1380 1025 1382 1030 .

211 1103 214 1112 ⁴
250 1078 452 1146 Ἀπόλλων]
473 1089 502 1136 et
523 1079 653 1138 versibus
676 1079 869 1154 sequentibus
891 1088 1011 1155 apparet
1017 1100 1025 1152 3
1047 1079 1078 1137 id
1100 1089 1188 1138 autem
1201 1083 1286 1154 pugnat
1379 1101 1382 1148 ς,

249 1205 318 1244 cum
340 1186 454 1263 reliqua
475 1186 642 1246 narratione
662 1186 733 1245 libri
750 1211 774 1260 ρ.
823 1187 899 1246 Cum
921 1186 1052 1246 versibus
1070 1210 1085 1260 ρ
1105 1189 1158 1265 365
1179 1193 1236 1244 cett.
1252 1201 1280 1257 ap

248 1304 358 1370 pareat
382 1279 505 1353 ulixem'
519 1304 581 1352 tum
603 1294 730 1369 primum
755 1294 973 1353 mendicantem
995 1293 1072 1353 inter
1092 1312 1193 1370 procos
1210 1290 1287 1350 induc·

248 1410 310 1460 turn
349 1421 422 1476 esse,
454 1402 663 1476 diasceuastae,
690 1401 713 1462 si
735 1399 928 1461 occasionem
950 1411 1104 1475 quaereret
1125 1394 1292 1475 adiungendis
1362 1420 1382 1440 κ

248 1507 314 1567 aliis
346 1527 382 1567 ex
404 1509 583 1569 carminibus
607 1509 671 1568 aliis
692 1508 867 1568 iniuriarum
889 1507 1134 1584 expositionibus,
1154 1525 1220 1584 quas
1236 1504 1291 1563 item
1379 1540 1381 1565 :

248 1614 435 1675 mendicanti
456 1617 538 1676 Ulixi
559 1615 652 1676 illatas
674 1635 737 1675 esse
758 1623 944 1686 memoraret,
966 1615 1039 1673 haec
1058 1614 1095 1672 de
1108 1613 1231 1672 Antinoo
1241 1629 1294 1669 nar·
1380 1637 1382 1672 2

248 1721 322 1781 ratio
345 1723 527 1799 seiungenda
550 1722 604 1782 fuit
625 1725 663 1780 ab
684 1721 878 1797 antiquissimi
901 1719 1039 1779 carminis
1060 1719 1147 1794 exitu,
1167 1737 1220 1795 quo
1241 1735 1296 1794 pro·

248 1847 350 1888 corum
373 1831 598 1906 proponebatur
620 1830 734 1888 caedes.

289 1936 374 1994 Illam
396 1946 494 1996 autem
517 1938 555 1996 de
577 1937 713 1998 Antinoo
735 1935 932 1997 narrationem
949 1945 1053 2016 contra
1069 1931 1302 1996 Wilamowitaiurn
1381 1956 1382 1988 1

249 2042 482 2120 antiquissimam
514 2063 577 2104 esse
610 2044 765 2103 contendit
797 2044 902 2118 Seeck,
923 2061 991 2102 cum
1013 2042 1102 2102 etiam
1124 2042 1154 2102 in
1175 2042 1224 2100 illa
1245 2037 1306 2098 nihil

251 2152 289 2209 de
310 2151 564 2228 transfiguratione
586 2150 680 2212 Ulixis
702 2162 857 2228 appareat;
879 2170 948 2208 nam
968 2175 984 2224 ρ
1004 2153 1062 2226 366
1083 2155 1126 2228 ώς
1151 2157 1177 2217 εἰ
1199 2151 1309 2235 πτωχὸς

250 2257 352 2326 πάλαι
378 2263 424 2342 εἴη
447 2258 569 2318 minime
591 2278 710 2335 arguere
731 2278 763 2317 re
784 2277 854 2317 vera
878 2258 995 2318 Ulixem
1014 2270 1142 2318 mutasse
1157 2259 1274 2318 formam
1287 2274 1311 2323 et

249 2363 428 2424 contrarium
459 2364 592 2424 indicare
621 2390 636 2439 ρ
666 2367 725 2438 484
758 2375 827 2424 cett.
860 2365 1019 2450 οὐλόμεν’,
1051 2373 1079 2432 εἰ
1110 2365 1148 2449 δή
1181 2372 1242 2433 πού
1273 2392 1316 2440 τις

253 2468 443 2558 ἐποὺράνιος
470 2479 544 2549 θεὸς
569 2477 656 2540 ἐστιν
680 2482 738 2530 cett
756 2489 763 2549 3
785 2471 866 2531 idem
887 2473 972 2532 locus
992 2474 1120 2550 probare
1143 2471 1262 2534 Seeckio
1279 2469 1317 2527 vi-

250 2580 345 2657 detur,
363 2579 392 2637 in
411 2585 440 2635 A
457 2580 548 2638 semel
562 2589 676 2638 tantum
688 2578 806 2638 Ulixem
818 2597 874 2638 nec
885 2578 941 2638 nisi
953 2581 991 2640 ab
1003 2560 1139 2640 Antinoo
1152 2580 1244 2640 ictum
1255 2598 1321 2639 esse.

290 2689 396 2764 Itaque
424 2687 585 2745 secundum
615 2704 683 2744 eum
704 2685 887 2745 narrationes
908 2686 1018 2746 similes
1039 2687 1068 2747 in
1087 2711 1101 2744 o
1121 2699 1152 2747 et
1170 2712 1186 2744 a
1207 2707 1242 2747 ex
1264 2684 1322 2746 imi·

250 2793 363 2852 tatione
396 2803 477 2852 ortae
504 2803 572 2852 sunt
579 2813 587 2866 3
610 2803 639 2852 et
657 2812 758 2851 revera
778 2792 906 2852 narratio
927 2793 958 2852 in
978 2817 994 2851 o
1013 2795 1157 2855 cohaeret
1179 2814 1249 2856 curn
1273 2795 1328 2872 epi·
1381 2801 1382 2844 t

250 2901 337 2960 sodio
371 2900 409 2959 de
441 2903 502 2976 Iro,
535 2899 563 2958 in
595 2918 656 2975 quo
677 2900 829 2959 Antinous
849 2901 982 2960 insolitas
1003 2901 1131 2962 omnino
1155 2914 1255 2980 partes
1276 2899 1332 2979 agit
1381 2939 1382 2966 2

251 3025 319 3066 curn
344 3008 423 3068 Ulixi
445 3011 551 3080 faveat,
573 3019 602 3067 et
623 3009 857 3085 transfiguratum
880 3027 943 3067 esse
965 3007 1083 3068 Ulixem
1107 3012 1194 3070 clare
1215 3019 1336 3088 apparet
1381 3049 1382 3092 t

251 3118 278 3189 (o
308 3117 346 3191 69
379 3114 436 3194 sq.)
478 3115 555 3174 Illud
588 3114 757 3192 episodium
779 3135 831 3192 per
852 3115 1050 3174 narrationem
1073 3116 1113 3176 de
1138 3117 1283 3179 convitio
1304 3117 1340 3177 ab

252 3221 361 3280 ancilla
392 3222 547 3281 Melantho
578 3221 659 3283 Ulixi
693 3224 832 3283 sacto-
856 3222 885 3281 in
914 3240 975 3297 qua
1004 3225 1067 3282 Irus
1088 3237 1286 3286 memoratur
1309 3258 1340 3268 -
1381 3243 1382 3250 ¹

252 3348 320 3387 curn
344 3329 512 3389 narratione
533 3331 570 3389 de
591 3332 780 3407 Eurymacho
803 3331 943 3390 cohaeret
950 3352 959 3405 3
980 3330 1012 3389 in
1033 3331 1086 3390 illa
1108 3335 1283 3394 Melantho
1297 3353 1337 3392 no

251 3444 330 3494 tatur
353 3447 385 3494 ut
406 3437 584 3515 Eurymachi
605 3440 712 3515 paelex
732 3443 759 3514 (o
777 3443 857 3514 325).
901 3439 991 3497 Hanc
1012 3439 1230 3500 narrationem
1253 3441 1350 3518 primo

251 3543 372 3620 quidem
396 3544 502 3603 obtutu
523 3545 642 3604 videtur
665 3544 811 3622 respicere
833 3547 918 3604 locus
937 3571 953 3600 τ
973 3548 1009 3622 65
1033 3557 1104 3605 cett.
1131 3556 1153 3632 ἣ
1183 3549 1356 3632 δ”οόυσῇ’

255 3651 387 3719 ἐνένιπε
411 3652 585 3718 Μελανθὼ
611 3654 758 3737 δεύτερον
783 3649 875 3728 αὖτις
884 3673 896 3733 ;
925 3652 979 3711 sed
1004 3651 1102 3712 acrius
1143 3654 1362 3718 consideranti

250 3768 373 3834 apparet
406 3777 467 3816 non
499 3759 539 3817 ita
571 3779 633 3818 rem
664 3780 695 3819 se
718 3761 839 3819 habere.
882 3762 959 3818 Nam
981 3771 1049 3837 post
1070 3781 1193 3826 versus
1216 3794 1233 3825 τ
1257 3789 1296 3846 91
1321 3787 1365 3844 sq,

252 3866 356 3941 (verba
377 3875 444 3924 sunt
465 3863 642 3946 Penelopes)

344 4061 477 4128 πάντως
502 4053 681 4140 θαρσαλέη,
709 4059 786 4121 κύον
808 4050 913 4128 α’δεές,
940 4057 976 4120 οὔ
1001 4082 1032 4119 τι
1056 4037 1098 4138 μὲ
1131 4060 1269 4146 λήθεις

343 4166 480 4256 ἔρδουσα
505 4168 589 4253 μέγα
615 4170 710 4258 ἔργογ
735 4173 751 4234 ὃ
776 4175 814 4259 σῇ
839 4170 963 4263 κεφαλῇ
988 4169 1203 4264 ἀναμάξεις·
