2884 4880
511 451 592 524 ,73

76 619 305 702 liudprandum
331 620 450 705 ἔχουσα
472 613 562 695 (quae
587 593 726 676 miramur
745 619 962 678 Telemachum
977 617 1113 679 dubitan-

73 732 121 781 tem
150 721 181 782 de
205 723 296 782 matris
328 723 519 784 matrimonio
551 725 661 798 dicere,
697 743 765 785 curn
798 725 974 786 aMinerva
995 728 1033 786 de
1055 727 1115 786 suis

69 830 144 888 rebus
162 828 314 888 domesticis
337 830 445 890 certior
466 833 562 890 sactus
586 831 622 890 sit
643 855 656 885 ο
678 829 733 906 in.)
753 830 825 889 citat
839 833 983 889 Kammer
1005 830 1113 889 librum

67 935 172 994 Beckeri
189 935 231 1012 qui
252 935 394 1006 „Gallus”
416 937 599 996 inscribitur:
623 937 746 1016 „Einige
770 948 932 998 musterten
948 939 1002 997 das
1016 938 1114 998 Vesti-

66 1044 160 1111 bulum,
188 1045 222 1102 ob
251 1043 331 1102 nicht
353 1047 424 1102 ather
445 1047 551 1103 Nacht
576 1043 642 1102 eine
666 1044 778 1120 Spinne
802 1043 892 1103 dreist
912 1043 959 1103 ihr
979 1047 1054 1104 Netz
1076 1065 1114 1103 an

64 1151 112 1207 den
139 1149 277 1226 Kapitalen
312 1151 364 1209 der
392 1153 584 1210 ὃέίιιίιιιι...
616 1162 815 1228 ausgespannt
848 1150 946 1211 habe’'
968 1160 1008 1228 (p.
1032 1150 1114 1232 369).

61 1258 140 1314 Tales
158 1275 220 1315 vero
239 1255 450 1332 explicationes
472 1277 532 1316 non
556 1256 668 1315 iaciunt
683 1257 721 1315 ad
736 1259 826 1316 fidem
844 1259 999 1318 Kammeri
1014 1280 1115 1320 corro-

58 1363 213 1421 borandam.
254 1366 326 1422 Post
356 1365 431 1423 lraec
464 1384 575 1432 eorum,
609 1384 685 1439 quos
705 1364 937 1434 nominavimus,
959 1366 1116 1444 impugnat

54 1469 220 1546 sententiam,
240 1489 275 1528 err
298 1469 418 1548 singulis
440 1470 621 1530 carminibus
642 1480 747 1548 postea
768 1472 936 1532 coniunctis
960 1470 1114 1551 Odysseae

51 1595 150 1652 corpus
178 1576 362 1635 constitutum
386 1597 449 1636 esse
482 1577 668 1654 putantium3
696 1578 748 1656 qui
770 1578 892 1657 singulis
913 1600 1007 1657 paene
1029 1582 1114 1660 rhap

50 1682 134 1742 sodiis
162 1683 209 1741 illa
238 1683 370 1742 carmina
405 1684 519 1743 definiri
551 1685 607 1743 sibi
642 1696 858 1761 persuaserunt.
902 1687 980 1746 Nam
1005 1688 1059 1748 etsi
1080 1688 1114 1748 id
1192 1715 1193 1722 ¹

50 1791 146 1848 :adere
174 1802 265 1868 potest
292 1791 322 1849 in
344 1791 519 1868 rhapsodias
541 1810 617 1868 quae
643 1791 737 1852 Ulixis
758 1811 872 1852 errores
892 1775 973 1869 ipsos
995 1803 1115 1854 narrant

50 1897 52 1906 ’
52 1901 180 1971 ι-μ-)
204 1910 233 1956 ut
254 1897 423 1957 observavit
448 1897 592 1958 Steinthal
611 1899 711 1958 l..-l
730 1910 830 1958 tamen
845 1899 1116 1993 quisumquam—

50 2017 77 2062 ta
98 2005 147 2063 ille
171 2015 311 2082 rogat-
335 2015 367 2062 ut
389 2004 538 2080 peculiare
562 2024 681 2064 carmen
705 2004 825 2083 librum
852 2005 946 2083 qualis
969 2017 1013 2067 est
1033 2017 1046 2071 ξ
1066 2019 1117 2068 aut

50 2111 212 2175 extitisse
230 2111 352 2170 credere
374 2110 488 2187 possit?
505 2109 626 2185 Quidni
647 2109 744 2186 potius
767 2121 908 2187 putemus
929 2114 1001 2171 tales
1022 2112 1114 2172 libros

50 2218 103 2276 nde
135 2220 173 2277 ab
206 2217 292 2277 initio
325 2215 508 2292 compositos
540 2235 603 2276 esse
629 2228 662 2276 ut
682 2228 781 2276 essent
802 2230 901 2294 partes
922 2219 1055 2297 perpetui
1076 2214 1120 2279 de'

50 2324 120 2383 llixe
154 2325 301 2395 carminis,
336 2325 417 2402 quod
443 2334 521 2383 certa
542 2324 602 2382 iarn
624 2327 720 2383 forma
741 2326 909 2385 absolutum
931 2336 1039 2402 poetae
1061 2326 1114 2385 ob·

50 2441 193 2490 ersaretur
225 2432 347 2492 animo?
379 2434 448 2491 Hoc
473 2430 593 2508 quidem
614 2442 693 2490 recte
715 2432 928 2491 animadvertit
952 2434 1113 2500 Kammer;

50 2538 78 2596 ed
120 2539 206 2612 quod
246 2539 285 2597 ad
324 2537 467 2597 unitatem
501 2539 652 2614 Odysseae
684 2539 874 2616 probandam
904 2538 1040 2616 episodia
1075 2537 1113 2597 de

50 2645 256 2722 heoclymeno
288 2655 407 2704 testatur
438 2646 481 2721 (p.
517 2648 601 2722 378),
628 2644 658 2703 in
691 2665 728 2705 eo
756 2645 811 2705 sibi
834 2646 1022 2718 contradicit,
1045 2665 1113 2705 curn

50 2773 81 2810 se
114 2771 153 2812 ea
188 2752 327 2829 episodia
358 2763 463 2829 postea
483 2753 514 2811 in
541 2753 708 2829 Odysseam
733 2754 816 2812 illata
841 2753 930 2813 dicat.
973 2755 1113 2813 Ceterum

51 2858 118 2934 gari
139 2879 223 2919 ·non
256 2871 355 2936 potest
386 2863 462 2918 hanc
496 2860 533 2919 de
559 2862 788 2938 Theoclymeno
809 2860 961 2920 fictionem
986 2859 1113 2919 maxime

50 2976 122 3024 ntra
153 2966 476 3025 Lachmannianorum
498 2966 676 3025 sententiam
697 2971 811 3045 valere3
834 2987 912 3045 quae
937 2985 1004 3026 cum
1028 2985 1113 3025 suum

50 3084 212 3132 ›mentum
250 3073 283 3132 in
319 3073 433 3132 visione
465 3091 541 3147 quae
572 3083 616 3132 est
647 3073 677 3131 in
710 3075 788 3133 libro
826 3095 841 3128 υ
871 3074 984 3132 habeat
1014 3092 1113 3150 omne,

50 3183 123 3239 llam
150 3182 286 3240 haberet
307 3181 366 3239 vim
389 3179 419 3238 in
442 3178 623 3238 carminibus
647 3181 805 3256 separatim
828 3179 909 3255 ortiS,
932 3199 988 3239 uec
1008 3179 1064 3238 nisi
1079 3188 1112 3238 ut

50 3307 71 3344 's
98 3291 264 3373 πράξεως
289 3288 413 3364 τελείας
436 3283 560 3362 cogitari
582 3294 688 3360 potest.

50 3395 80 3450 [n
109 3393 316 3452 ostendenda
338 3393 519 3453 Homericae
542 3393 640 3469 poesis
661 3393 767 3453 indole
789 3398 829 3470 (p.
850 3395 909 3471 388
924 3397 1002 3470 sqq.)
1016 3394 1108 3452 Lehr·

50 3519 74 3555 n
103 3518 141 3557 se
168 3500 263 3574 sequi
286 3499 373 3574 dicit;
394 3510 523 3559 attamen
538 3499 624 3558 facile
636 3499 817 3579 intellegitur
828 3501 1024 3576 difficultates,
1035 3518 1111 3576 quae

50 3605 184 3664 uratius
223 3605 255 3665 in
289 3606 418 3682 singulas
451 3617 547 3682 partes
575 3607 793 3682 inquirentibus
817 3619 983 3685 occurrant,
1014 3608 1112 3667 minus

50 3733 73 3771 ‘e
101 3712 228 3776 sentiri
253 3713 277 3772 si
299 3715 365 3789 quis
386 3733 448 3774 non
470 3712 527 3772 nisi
550 3713 643 3774 totius
661 3717 807 3792 poematis
822 3718 954 3776 effectum
969 3716 1111 3776 attendat.

50 3831 171 3886 {terea
193 3820 292 3880 nimis
314 3821 432 3879 facilem
454 3841 485 3880 se
506 3822 627 3897 praebet
650 3826 795 3883 Kammer
810 3844 838 3901 p.
859 3827 918 3902 396
939 3842 1007 3883 cum
1023 3822 1112 3888 dicit:

50 3955 52 3963 ν
83 3913 321 4006 Verbindung
344 3928 397 3985 der
419 3928 581 3988 einzelnem
603 3930 782 3989 Abschnitte
803 3932 874 4008 geht
896 3931 927 3988 in
949 3932 1002 3989 der
1022 3929 1112 3988 leich-

50 4053 96 4101 ιιι,
128 4037 387 4113 zwanglosesten
409 4037 497 4094 Form
521 4054 575 4094 vor
596 4035 713 4095 sich...
736 4059 760 4100 z.
776 4037 810 4097 B.
835 4037 955 4114 Anlang
970 4063 983 4093 ε
1000 4037 1062 4095 und
1077 4034 1111 4090 o”

50 4162 57 4198 ι
91 4141 213 4201 nobis
240 4145 390 4201 Kammer
410 4142 590 4218 persuadere
613 4143 686 4216 vult,
710 4161 778 4200 eum
800 4141 851 4219 qui
874 4141 940 4200 illas
958 4141 1111 4218 Odysseae

50 4267 80 4307 es
126 4261 210 4314 tarn
238 4249 313 4314 fecit
335 4251 536 4335 neglegenter,
566 4255 673 4334 poetae
695 4249 817 4317 nornine
840 4247 1026 4336 dignandum
1048 4267 1111 4316 esse
