2928 4886
635 362 671 423 5⁵

111 522 217 583 docuit
238 541 300 582 non
323 523 483 583 cohaerere
508 530 611 584 tcum
634 551 648 580 κ
668 536 698 586 et
714 554 745 596 μ,
767 547 825 588 nec
846 529 939 607 magis
959 548 1049 606 quarn
1071 561 1082 588 ι
1100 535 1193 593 ullum

111 628 269 708 vestigium
303 629 474 689 mutationis
507 630 539 690 in
573 632 688 693 tertiam
724 654 884 710 personam
915 636 1081 709 ostendere,
1115 640 1194 699 hunc

110 735 187 796 dicit
220 735 329 794 librum
362 738 648 816 quomodocumque
670 741 864 801 coniunctum
886 761 955 802 cum
976 771 986 798 ι
1005 745 1193 806 referendum

110 862 177 902 esse
198 842 237 902 ad
258 843 412 918 antiquum
434 851 579 925 Νύσιον,
607 846 639 905 id
660 857 703 908 est
724 848 764 907 ad
786 849 984 910 narrationem
1007 869 1067 927 qua
1089 852 1193 914 Ulixes

109 962 180 1028 post
200 980 220 1021 μ
239 968 293 1028 ²51
319 952 488 1027 quaestioni
509 953 697 1030 responderit
716 956 828 1016 Aretes.
851 955 960 1018 Libros
975 968 1075 1018 autern
1091 985 1105 1014 κ
1126 970 1155 1020 et
1173 987 1192 1030 μ

108 1069 210 1135 partes
235 1078 298 1119 esse
321 1058 453 1119 diversae
476 1059 650 1120 narrationis
669 1061 741 1121 olim
763 1061 847 1122 tertia
869 1083 996 1140 persona
1017 1077 1193 1144 conceptae,

109 1182 203 1244 quam
225 1173 256 1223 ut
277 1183 345 1224 curn
368 1173 489 1254 Νόστῳ
511 1165 714 1246 coniungeret,
737 1169 922 1230 diasceuasta
943 1171 972 1230 in
987 1171 1113 1248 primam
1127 1191 1192 1249 per-

109 1293 217 1334 sonam
240 1273 417 1334 converterit
442 1273 481 1354 r),
502 1273 680 1350 quibusdam
705 1275 794 1335 etiam
816 1276 845 1336 in
868 1279 923 1351 ql.
944 1297 972 1337 c.
994 1277 1121 1338 mutatis.
1147 1280 1192 1338 Ea

108 1380 241 1440 narratio
262 1379 449 1440 Kirchhoffio
469 1379 571 1441 iudice
585 1381 766 1458 peculiarem
781 1400 901 1459 quoque
917 1401 1013 1443 rerum
1027 1384 1058 1443 in
1070 1384 1192 1445 Scheria

107 1496 261 1565 gestarum
291 1487 445 1548 fictionem
477 1486 631 1548 continere
665 1487 785 1558 debuit;
817 1509 854 1549 ex
886 1507 945 1566 qua
970 1511 988 1548 a
1008 1491 1192 1552 diasceuasta

107 1603 229 1671 sumpta
262 1620 279 1667 η
315 1614 450 1671 103—31
489 1596 603 1668 (hortus
635 1593 770 1675 Alcinoi)
802 1607 832 1655 et
864 1596 938 1657 liber
970 1605 992 1652 θ
1022 1596 1196 1674 (Kirchhoff

107 1722 150 1779 pg
185 1703 348 1777 ²77·11)·
391 1704 425 1760 In
447 1701 615 1779 antiquiore
639 1709 760 1790 Νόστῳ
783 1702 863 1763 Ulixi
884 1705 927 1761 ira
946 1703 1079 1778 Neptuni
1102 1723 1191 1764 causa

107 1808 258 1867 malorum
290 1809 378 1868 fuisse
410 1795 598 1869 Kirchhoifio
624 1807 749 1886 videtur,
781 1827 857 1885 quae
887 1808 919 1868 in
938 1839 949 1866 ι
967 1820 995 1869 et
1014 1815 1030 1864 l
1052 1821 1175 1888 apparet
1183 1831 1190 1884 ;

105 1916 138 1975 in
163 1917 254 1975 altera
275 1915 444 1975 narratione
462 1950 495 1959 —
513 1914 681 1976 recentiore
695 1934 785 1993 quem
800 1916 850 1976 ille
864 1918 995 1994 appellat
1011 1924 1134 2006 Νόστῳ
1148 1955 1191 1968 -

105 2023 268 2084 accessisse
288 2023 366 2084 Solis
386 2022 430 2083 ira
453 2034 594 2099 tanquam
616 2022 701 2100 origo
722 2024 868 2084 laborum.

150 2132 336 2206 Quaeramus
367 2129 437 2207 iam,
468 2130 542 2205 quid
571 2129 750 2190 recentiores
778 2130 892 2206 opinati
914 2129 972 2191 sint
994 2132 1032 2190 de
1053 2131 1089 2190 iis
1111 2151 1191 2209 quae

106 2237 235 2315 protulit
246 2237 419 2314 Kirchhoff3
434 2255 508 2312 quas
519 2235 677 2314 opiniones
688 2235 729 2296 ita
744 2257 795 2313 per
806 2240 835 2293 V
845 2237 943 2315 capita
954 2237 1148 2314 disponemus
1161 2249 1192 2298 ut

106 2346 276 2406 tracteturI
289 2343 351 2403 eius
362 2343 531 2402 observatio
543 2342 581 2403 de
596 2368 613 2415 η
635 2344 692 2419 238
704 2352 783 2418 cett,
798 2346 827 2402 Π
839 2343 878 2403 de
888 2371 909 2412 μ
927 2363 986 2420 374
1009 2346 1144 2421 cett.,IIl
1154 2344 1191 2403 de

106 2449 215 2511 ceteris
246 2451 319 2510 locis
340 2450 370 2509 in
401 2477 422 2518 μ
449 2433 513 2510 et’n
532 2453 563 2509 et
584 2449 623 2508 de
644 2473 658 2503 κ
679 2467 746 2507 cum
768 2473 788 2514 μ
806 2447 970 2527 iungendo,
993 2452 1037 2510 IV
1061 2451 1099 2510 de
1121 2457 1137 2506 t
1161 2462 1192 2510 ut

106 2559 149 2618 ad
174 2557 370 2632 antiquiorem
393 2563 526 2625 No'nm
552 2555 721 2633 pertinenti,
733 2558 761 2613 V
775 2555 814 2615 de
829 2555 941 2633 duplici
956 2556 1190 2617 Phaeacensium

105 2683 208 2725 rerum
230 2663 351 2724 fictione
371 2664 403 2722 in
424 2672 525 2724 nostra
546 2663 683 2740 Odyssea
703 2663 882 2724 occurrenti.

151 2773 177 2830 Ι.
220 2769 335 2830 Primus
365 2769 555 2830 Kirchhossro
587 2770 747 2829 oblocutus
782 2779 825 2828 est
856 2770 950 2829 Lehrs
980 2769 1012 2828 in
1046 2769 1123 2830 libro
1152 2770 1191 2830 de

104 2877 286 2938 Aristarcho
317 2898 346 2954 p.
379 2878 448 2953 438.
490 2879 519 2937 Is
548 2876 711 2936 Aristarchi
745 2876 921 2954 opinionem
953 2877 991 2938 de
1013 2877 1144 2938 versibus
1172 2905 1189 2952 η

106 2987 251 3062 251—58
274 2983 458 3061 interpolatis
479 3003 541 3043 non
562 2985 679 3060 probat,
700 2983 771 3059 quia
793 2983 877 3061 quod
899 2992 943 3044 est
965 3005 991 3044 v.
1017 2987 1074 3061 263
1099 2988 1190 3071 ἤκαὶ

106 3103 187 3171 ,γόος
219 3092 366 3178 ἐτράπετ’
401 3094 500 3176 αὐτῆς
531 3090 663 3168 intellegi
695 3102 826 3166 nequeat
858 3089 959 3151 eiectis
992 3111 1033 3152 vs.
1059 3108 1115 3169 ²55
1146 3111 1190 3170 sq.

105 3209 125 3286 ἢ
153 3225 191 3284 με
216 3202 360 3289 λαβοῦσα
381 3200 566 3279 Ἐνόυκὲως
583 3200 684 3284 ἐφίλει
702 3226 735 3265 τε
754 3203 808 3265 καὶ
828 3201 959 3283 ἔτρεφεν
977 3201 1033 3282 ἠδὲ
1051 3202 1189 3283 ἔφασκιν

106 3309 258 3394 Θησέμεν
282 3299 457 3376 alienator
483 3310 538 3374 καὶ
553 3311 697 3391 ἀγήραον
715 3316 824 3391 ἤματα
839 3315 960 3374 πάντα.
983 3308 1054 3365 Hoc
1068 3306 1190 3383 quidem

103 3416 191 3475 iure:
215 3414 268 3474 sed
286 3417 369 3492 quod
392 3415 455 3492 ipse
475 3434 576 3474 versus
597 3432 655 3492 ²54
670 3415 771 3490 finem,
792 3413 942 3489 sequentis
957 3432 1057 3473 versus
1073 3412 1190 3473 initium

106 3526 212 3606 (ἔνθα
251 3523 403 3610 Καλυψὼ
439 3527 543 3591 Nata
579 3522 784 3606 ἐυπλόκαμος
821 3524 912 3604 δεινὴ
939 3518 1029 3607 θεὸς)
1054 3519 1192 3594 damnat,

104 3638 224 3688 mutato
245 3628 359 3688 ibidem
381 3640 399 3715 ἢ
423 3656 460 3715 με
482 3631 513 3689 in
534 3639 552 3714 ’ὴ
578 3632 623 3708 δὲ,
640 3647 675 3688 ea
688 3648 719 3686 re
735 3629 808 3688 nihil
824 3627 955 3706 proficit3
970 3647 1040 3687 nam
1051 3626 1093 3687 ita
1115 3633 1133 3710 ἣ
1155 3627 1188 3693 δὲ

105 3735 200 3796 nimis
230 3749 377 3797 remotum
409 3757 427 3797 a
459 3736 581 3798 nomine
615 3738 767 3822 Καλυψὼ
801 3738 855 3810 (vs.
879 3739 960 3812 245),
983 3745 1013 3795 et
1036 3733 1189 3794 obiectum

104 3847 171 3924 (με)
204 3844 387 3905 desideratur
417 3857 446 3906 et
476 3845 542 3905 finis
566 3843 635 3905 libri
666 3872 686 3911 μ
714 3843 808 3922 arguit
838 3844 894 3905 hos
919 3863 1019 3904 versus
1040 3861 1102 3903 non
1127 3859 1190 3901 esse

105 3967 304 3983 μ

146 4037 173 4099 ι)
191 4037 231 4085 Ne
258 4039 297 4088 cui
320 4039 382 4089 illud
405 4040 437 4088 de
455 4039 614 4088 diasceuasta
632 4036 801 4085 narrationem
820 4053 851 4085 ex
869 4038 941 4086 tertia
960 4037 986 4085 in
1006 4037 1111 4100 primam
1131 4052 1191 4100 per·

108 4133 202 4168 sonam
229 4120 385 4170 convertenti
412 4120 563 4170 incredibile
589 4118 712 4180 videatur,
733 4119 847 4166 attendat
866 4118 892 4166 id
906 4135 932 4168 re
951 4133 1009 4167 vera
1025 4117 1118 4166 iactum
1136 4135 1192 4169 esse

108 4199 198 4249 multis
216 4200 280 4249 locis
299 4202 492 4252 Homericorum
511 4199 649 4249 carminum
667 4205 693 4247 ut
710 4217 725 4248 κ
746 4208 861 4266 541-45
881 4198 941 4251 coll.
960 4215 1016 4248 cum
1034 4217 1047 4249 ε
1067 4197 1191 4264 228—32.
