2928 4886
641 413 676 472 57

120 586 189 653 post
213 575 444 636 Heimreichium
467 596 495 653 p.
522 597 556 652 13
579 596 622 654 sq.
646 586 675 635 et
697 575 864 635 Hartelium
887 579 930 652 (Z.
952 578 972 636 f.
995 577 1076 636 Oest.
1090 578 1201 654 Gymn.
1262 628 1263 632 ,

119 685 196 743 XVI
226 703 256 760 p.
288 687 359 760 321)
391 703 480 744 nemo
508 685 569 743 fere
601 683 787 773 Kirchhoffio
809 683 950 744 concedit
970 694 1100 761 poetam,
1132 703 1201 744 cum

120 802 292 850 narrantem
305 791 443 868 -aliquem
464 791 597 863 inducat,
619 801 757 868 oportere
779 790 929 850 succincte
951 811 1019 851 eum
1034 802 1200 852 narrantem

119 899 222 958 facere
243 916 438 976 quaecuuque
456 898 505 957 ille
528 917 590 958 non
611 897 675 974 ipse
698 910 835 974 expertus
859 897 905 957 sit.
940 900 980 958 Ut
1001 897 1201 958 testimonium

119 1005 302 1067 contrarium
323 1005 457 1066 adhibita
480 1017 524 1066 est
544 1005 668 1066 Eumaei
689 1005 818 1065 narratio
838 1005 870 1065 in
891 1005 968 1066 libro
984 1024 1013 1084 ⁰3
1029 1025 1117 1084 quarn
1134 1026 1202 1066 cum

118 1113 285 1173 Kirchhoff
312 1113 426 1173 idcirco
457 1112 578 1190 quidem
600 1133 619 1171 a
639 1112 835 1190 diasceuasta,
857 1111 918 1172 suis
940 1112 1030 1189 ipsius
1051 1113 1082 1172 in
1105 1115 1202 1191 priore

119 1231 206 1297 parte
237 1219 372 1279 admissis
403 1219 481 1280 vitiis
512 1220 675 1280 assuefacto
706 1218 905 1296 compositam
935 1239 999 1279 esse
1021 1218 1105 1298 dici't‚
1129 1221 1202 1280 lallit

119 1347 191 1386 eum
203 1328 285 1404 quod
297 1326 435 1404 principii
445 1346 522 1402 quae
534 1326 643 1386 dicitur
654 1325 800 1404 petitione
815 1326 912 1396 utitur,
925 1326 973 1385 cui
985 1327 1075 1386 errori
1086 1327 1203 1404 saepius

119 1433 271 1495 obnoxius
292 1453 356 1494 esse
376 1433 502 1494 videtur.
551 1437 644 1494 Porro
667 1433 757 1493 etiam
779 1433 984 1494 criminandus
1008 1435 1103 1494 suerat
1126 1433 1203 1494 liber

117 1571 140 1605 ι,
161 1540 193 1600 in
214 1559 274 1616 quo
296 1541 334 1600 de
356 1542 523 1618 Cyclopum
545 1540 667 1618 regione
690 1560 726 1600 ac
742 1540 875 1600 moribus
890 1550 1031 1614 narratur,
1044 1533 1203 1616 antequam

117 1646 217 1725 ipsum
240 1648 404 1726 Cyclopem
426 1657 562 1725 expertus
583 1657 627 1706 est
648 1646 761 1709 Ulixes.
784 1648 871 1722 Quae
893 1658 991 1706 autem
1012 1647 1042 1705 in
1064 1647 1109 1706 his
1128 1648 1202 1708 locis

118 1752 220 1813 minus
252 1753 341 1814 solito
372 1754 465 1815 modo
493 1765 522 1814 et
545 1756 646 1831 paullo
669 1753 820 1814 molestius
842 1753 1052 1824 interveniunt,
1074 1774 1109 1814 ea
1132 1775 1202 1814 cum

118 1859 349 1921 Wilamowitzio
376 1881 405 1938 p.
431 1879 485 1939 125
508 1861 684 1938 explicanda
704 1860 745 1919 ita
766 1870 843 1930 sunt,
865 1872 896 1920 ut
916 1861 1051 1921 dicamus
1072 1874 1203 1939 poetam,

118 1986 176 2046 per
196 1967 288 2026 alium
306 1978 482 2044 narrantem,
505 1968 585 2027 circa
608 1968 781 2028 traditiones
797 1969 955 2045 populares
969 1987 1043 2044 quas
1056 1968 1087 2028 in
1103 1989 1202 2028 narra·

117 2074 203 2136 tione
234 2094 295 2135 non
322 2087 420 2152 posset
451 2078 616 2154 neglegere.
649 2075 825 2136 difficultate
854 2076 984 2151 quadam
1017 2076 1203 2153 implicatum

119 2182 228 2242 luisse:
272 2183 353 2241 velut
386 2202 454 2241 cum
486 2183 516 2241 in
548 2184 648 2242 sabula
681 2185 916 2260 Laestrygonum
947 2182 1049 2244 Ulixes
1080 2183 1204 2260 quidem

118 2308 233 2350 nomen
262 2288 342 2348 urbia
368 2298 420 2346 aut
447 2287 524 2365 regis
546 2288 662 2349 novisse
684 2309 746 2349 non
768 2290 869 2367 possit,
891 2289 1010 2350 traditio
1032 2300 1131 2350 autem
1153 2310 1204 2367 po·

118 2397 234 2476 pularis
248 2432 288 2441 -
308 2407 328 2482 ἡ
352 2397 473 2473 Ἑλλὰς
498 2405 585 2483 φήμη
607 2395 719 2477 (Schol.
743 2402 775 2452 Η
789 2397 827 2455 ad
843 2402 858 2451 l
878 2399 948 2474 580)
962 2431 997 2442 -
1011 2398 1102 2457 ambo
1114 2397 1205 2476 norit,

118 2515 213 2584 poeta
240 2503 264 2563 si
288 2524 340 2581 per
363 2504 479 2566 Ulixem
502 2515 670 2563 narrantem
693 2523 729 2563 ea
751 2502 885 2563 indicare
907 2504 1019 2580 voluit,‚
1036 2503 1204 2564 laudandus

117 2624 166 2672 est
197 2612 279 2687 quod
310 2612 349 2670 ad
381 2611 585 2688 cognitionem
611 2609 708 2672 Ulixis
729 2609 937 2687 explicandam
959 2610 1036 2670 duos
1057 2630 1092 2670 ex
1115 2611 1204 2670 sociis

117 2721 221 2780 salvos
251 2737 287 2777 ex
312 2717 444 2794 periculo
465 2717 537 2778 iacit
560 2718 736 2794 redeuntes3
758 2735 833 2793 quae
855 2736 900 2776 res
922 2717 1071 2777 immerito
1093 2718 1203 2777 Kirch-

116 2827 214 2886 hoffio
236 2825 433 2902 improbanda
454 2825 617 2885 videbatur.
653 2827 730 2885 Cum
751 2824 838 2902 igitur
861 2825 892 2884 in
916 2824 1037 2902 reliquis
1058 2824 1201 2885 librorum

116 2959 135 2989 κ
169 2960 189 3001 μ
219 2931 511 3004 locisaestimandis
543 2931 630 2992 nimis
661 2950 782 2991 severus
802 2931 889 2990 suerit
910 2930 1079 3006 Kirchhoff,
1102 2942 1202 2990 tamen

115 3038 185 3100 eius
218 3038 256 3097 de
288 3037 364 3098 Solis
392 3039 491 3098 fabula
513 3038 615 3116 opinio
638 3049 669 3098 ut
690 3038 852 3113 antiquitus
874 3038 958 3097 tertia
980 3057 1108 3115 persona
1131 3057 1201 3098 con·

116 3155 210 3221 cepta
241 3155 359 3221 manet3
389 3163 448 3222 qua
481 3164 550 3204 cum
582 3145 749 3204 narratione
782 3145 945 3204 cohaerent
971 3143 1072 3204 omnia
1093 3144 1202 3203 iudea

116 3251 224 3313 Circes
255 3250 372 3311 historia
404 3255 531 3328 (u133).
573 3255 642 3312 Non
664 3262 764 3311 autem
786 3251 834 3310 hic
854 3251 932 3310 inter
953 3250 1149 3326 antiquiorem
1172 3261 1203 3310 et

115 3358 319 3418 recentiorem
358 3367 491 3428 Νάσων
516 3359 739 3419 distinctionem
761 3359 830 3418 facit
850 3357 1018 3427 Kirchhoff‚
1043 3357 1098 3416 sed
1116 3356 1213 3424 initio

116 3465 191 3525 libri
209 3492 235 3540 a,
253 3477 405 3542 permotus
419 3466 529 3526 iniusta
545 3499 583 3510 -
601 3478 632 3525 ut
648 3465 774 3524 vidimus
788 3465 1029 3542 —quorundam
1045 3463 1202 3524 aestimati-

116 3591 181 3634 one
203 3575 337 3632 locorum
359 3592 414 3632 nec
437 3593 496 3632 non
522 3592 567 3646 eo,
590 3573 672 3648 quod
687 3573 718 3631 in
733 3573 818 3633 libris
833 3599 847 3628 κ
867 3584 929 3642 eta
947 3567 1200 3649 universis‘Argo·

115 3692 277 3742 nautarum
298 3681 415 3740 fabulae
431 3691 582 3740 momenta
596 3679 732 3740 adhibita
746 3679 803 3739 sint
811 3701 819 3753 ς
835 3680 873 3739 de
887 3698 948 3754 quo
962 3679 1022 3738 iam
1038 3678 1201 3738 videamus.

116 3792 226 3863 Itaque
258 3788 320 3846 iure
350 3787 522 3847 Heimreich
545 3806 592 3864 pg.
619 3809 653 3866 19
675 3800 762 3866 negat
784 3788 874 3846 ullam
895 3807 958 3870 esse
980 3785 1202 3846 similitudinem

115 3897 199 3956 inter
209 3897 442 3972 Laestrygonum
454 3893 654 3954 narrationem
669 3905 697 3954 et
711 3915 788 3972 quae
805 3894 836 3955 iu
855 3897 1092 3972 Argonautarum
1104 3893 1204 3951 tabula

116 4002 163 4062 de
187 4001 366 4062 Dolionibus
389 4011 556 4075 narrantur;
578 4022 630 4079 per
651 4003 762 4062 sontem
786 4002 908 4077 quidem
924 4001 1075 4061 Artaciam
1090 4004 1117 4075 (κ
1134 4002 1202 4075 108)

117 4107 275 4186 regionem
291 4128 384 4186 prope
401 4107 542 4185 Cyzicum
558 4110 661 4168 urbem
676 4093 960 4170 indicari'concedit
974 4128 1032 4168 nec
1047 4120 1147 4167 tamen
1167 4126 1203 4165 eo

117 4215 246 4279 nomine
269 4227 505 4280 commemorato
526 4225 646 4300 poetam
664 4216 694 4282 in
711 4217 768 4276 hac
782 4217 901 4304 regione
912 4217 1061 4284 collocare
1072 4215 1202 4280 tabulam
