2928 4886
665 422 679 478 7

122 585 154 644 in
186 585 245 644 fide
276 603 460 662 permanere,
498 586 700 643 Telemachum
733 584 869 643 edultum
900 588 1001 662 putris
1021 587 1103 644 bouis
1118 585 1206 663 frui,

124 695 263 751 Laertem
287 690 337 749 filii
353 693 433 749 luctu
450 709 639 765 marcescere,
657 709 687 750 se
704 701 803 749 autem
819 691 966 751 desiderio
979 691 1070 768 ipsius
1081 703 1206 753 mortem

124 798 274 874 oppetisse
307 798 474 857 Conantem
496 799 601 857 frustra
622 796 763 874 amplecti
784 817 850 856 eam
872 798 1022 858 monuisse
1050 808 1084 858 ut
1107 803 1207 860 stolim

125 907 242 964 rediret
267 916 296 963 et
318 925 392 981 quae
413 906 534 964 uidisset
555 907 647 964 uxori
665 895 810 963 truderet.
853 907 1015 982 Postquam
1037 905 1088 966 illa
1109 927 1208 967 reces-

124 1013 218 1086 sisset,
239 1011 444 1088 supervenisse
466 1011 595 1087 priorem
616 1012 740 1070 heroum
763 1023 871 1071 matres
893 1011 1042 1090 filiasque3
1066 1049 1106 1059 -
1128 1034 1204 1091 quae

126 1137 173 1178 res
192 1118 233 1177 ad
254 1119 405 1196 Odysseae
428 1118 559 1176 fabulam
581 1115 663 1176 nihil·
676 1117 812 1194 pertinet.

168 1228 332 1300 Hucusque
342 1244 495 1302 progressa
507 1201 634 1284 narratio
647 1223 869 1301 interrumpitur
881 1245 949 1285 cum
960 1228 1062 1288 adesse
1072 1228 1206 1289 videatur

126 1344 243 1409 tempus
264 1330 433 1391 dormiendi
442 1352 450 1405 ;
472 1331 526 1390 sed
547 1342 670 1409 rogante
691 1331 822 1390 Alcinoo
837 1352 987 1411 numquos
1002 1354 1038 1394 ex
1051 1334 1140 1394 sociis
1155 1336 1206 1413 qui

126 1439 262 1498 Troiano
283 1439 365 1498 bello
386 1436 568 1496 interfuerint
588 1436 696 1496 viderit
716 1437 797 1514 apud
818 1437 941 1515 inleroS,
964 1440 1067 1502 Ulixes
1082 1461 1208 1519 pergens

125 1545 255 1624 primum
283 1544 313 1604 in
345 1549 544 1621 conspectum
577 1543 690 1604 venisse
723 1556 822 1604 narrat
855 1547 1115 1624 Agamemnonem
1124 1571 1132 1623 ;
1158 1554 1211 1626 qui

125 1657 262 1713 continuo
290 1657 353 1730 ipso
383 1653 486 1726 agnito
511 1653 538 1725 r)
570 1650 627 1710 sibi
660 1649 815 1710 tradiderit
847 1672 929 1712 suam
963 1655 1207 1731 Cassandraeque

126 1770 264 1834 mortem,
286 1760 591 1835 Clytaemestramque
613 1758 748 1835 culpatus
768 1759 918 1818 monuerit
938 1769 972 1819 ut
991 1782 1027 1820 ue
1047 1764 1209 1840 Penelopae

127 1866 242 1943 quidem
264 1867 327 1942 ipse
347 1866 516 1943 confideret,
538 1883 628 1941 quarn
651 1874 750 1923 tamen
772 1883 834 1924 non
856 1866 978 1926 laudare
1000 1887 1062 1927 non
1078 1869 1208 1945 potuerit

127 1992 197 2049 prae
222 1990 274 2031 sua
294 1990 393 2031 uxore.
438 1973 574 2032 Ceterum
596 1974 706 2030 iterata
728 1973 762 2029 de
775 1975 912 2051 perfidio
932 1978 1086 2034 mulierum
1109 1977 1209 2036 adrue-

127 2083 237 2139 uitioue
266 2078 349 2138 illum
379 2079 437 2156 ipsi
466 2077 591 2138 suasisse
613 2087 648 2137 ut
666 2082 740 2138 clam
762 2082 877 2138 domum
899 2081 1020 2140 rediret.
1064 2085 1209 2158 Regresso

125 2186 179 2246 illo
211 2199 329 2246 secutos
359 2205 422 2246 esse
458 2205 608 2246 sermones
631 2206 700 2245 cum
721 2186 840 2246 Achille
863 2199 893 2246 et
914 2188 1018 2262 Aiace,
1040 2191 1158 2248 debitos
1179 2193 1210 2248 iu

126 2298 192 2371 ipso
228 2295 325 2366 Orco,·
343 2296 374 2370 2)
410 2292 462 2352 ubi
495 2293 629 2352 Minoem
651 2310 782 2368 quoque,
809 2293 963 2368 Orionem,
986 2294 1113 2372 Tityum,
1136 2295 1210 2355 alios

126 2421 158 2461 se
180 2401 378 2478 conspexisse.
409 2403 563 2461 Postremo
585 2411 765 2461 metuentem
788 2420 819 2460 se
841 2400 1004 2460 animarum
1027 2420 1208 2461 concursum

125 2528 203 2568 nave
237 2525 396 2586 regressum
429 2510 571 2584 Aeaeam,
600 2510 631 2566 iu
660 2518 793 2567 extremo
821 2511 932 2566 orienti
952 2511 1048 2568 situm.
1093 2510 1210 2586 Corpus

125 2614 284 2692 Elpenoris
317 2633 353 2673 ex
385 2613 487 2674 Circes
518 2613 610 2674 domo
644 2615 765 2672 allatum
796 2633 865 2674 eum
897 2613 1053 2691 sepeliiset,
1091 2615 1210 2691 Circen,

126 2743 214 2799 quom
248 2742 304 2780 uou
336 2724 461 2780 latuerit
494 2741 531 2780 ex
565 2722 644 2780 Orco
680 2723 785 2794 redux,
821 2721 941 2781 obviam
968 2723 1077 2780 factam
1111 2733 1143 2781 ut
1173 2723 1211 2782 de

128 2828 225 2888 reditu
257 2829 395 2904 doceret,
427 2826 577 2887 monuisse
609 2827 648 2886 de
681 2825 809 2903 SireniS,
843 2829 877 2886 de
912 2829 1051 2887 obeundis
1079 2830 1213 2888 Plouctis

127 2947 179 2995 aut
210 2935 285 2993 inter
316 2936 443 3010 Scyllam
473 2943 501 2992 et
529 2933 712 3010 Charybdim
734 2933 940 3009 periclitando.
986 2935 1156 3010 Charybdis
1176 2954 1211 2994 ex

128 3041 271 3120 voragine
297 3060 365 3100 cum
386 3061 422 3099 ue
442 3042 616 3116 Neptunum
637 3041 751 3116 quidem
774 3058 891 3099 servare
914 3039 1012 3116 ipsum
1035 3059 1122 3116 posse
1141 3060 1210 3117 pro-

128 3148 301 3218 nuntiasset,
325 3158 480 3226 postremo
512 3149 547 3206 de
567 3150 665 3206 iusulo
695 3149 861 3206 Turinum
883 3150 1009 3224 solisque
1030 3149 1118 3207 bobus
1137 3149 1211 3207 idem

127 3259 211 3336 quod
234 3259 370 3315 Tiresias
390 3256 514 3314 dixisset
535 3254 691 3313 addidisse.
715 3252 861 3314 PostridIe
879 3273 909 3314 se
924 3255 1091 3330 profectum
1110 3273 1212 3314 occur·

127 3365 201 3424 risse
223 3362 342 3434 Sirenis,
357 3363 471 3438 Scyllae
488 3373 518 3421 et
533 3359 703 3437 Charybdi,
718 3359 828 3419 deinde
844 3363 948 3437 procul
963 3361 1026 3420 visa
1040 3360 1213 3438 Thrinacia,

127 3469 262 3530 Tiresiae
295 3468 456 3543 Circesque
490 3467 605 3528 monita
630 3469 819 3528 recordatum
840 3486 858 3525 a
878 3467 966 3528 sociis
987 3466 1033 3528 ius
1054 3467 1212 3527 iurandum

127 3577 262 3655 exegisse
293 3594 331 3634 ne
361 3574 512 3634 laederent
544 3576 638 3633 boves
668 3573 699 3633 in
733 3573 837 3633 insula.
880 3574 984 3634 Socios
1009 3593 1040 3633 se
1061 3574 1160 3634 invito
1182 3573 1212 3632 in

127 3699 237 3744 terram
271 3701 405 3760 egressos
436 3693 466 3741 et
497 3691 671 3758 tempestate
703 3701 755 3757 per
785 3691 905 3740 noctem
929 3681 1055 3740 afflictos
1076 3701 1161 3740 mane
1184 3701 1214 3740 se

167 3907 189 3965 ι)
209 3902 224 3951 i.
245 3915 301 3965 39ο.
321 3899 389 3966 irrui
409 3892 503 3962 ‹t'uiu’
525 3898 572 3964 ἐμὲ
591 3909 688 3961 κεῖνος,
709 3903 771 3952 ἐπεὶ
791 3903 858 3953 ’ider
878 3903 1133 3966 dedaleum-Sic
1146 3901 1214 3950 enim

129 3999 187 4032 cum
205 3983 262 4031 cod.
284 3982 362 4031 Vind.
385 3994 431 4044 133
449 3982 557 4048 aliisque
574 3982 712 4046 legendum
731 3997 795 4046 pro:
817 3986 879 4036 ἐπεὶ
901 3991 966 4038 uisu
986 3981 1056 4048 αἷμα
1076 3983 1212 4042 κελαινόν,

129 4079 207 4128 quam
233 4063 367 4111 lectionem
396 4064 496 4127 ignorat
524 4062 609 4112 Schol.
636 4063 662 4110 H
689 4064 723 4112 ad
749 4063 765 4114 i.
790 4079 836 4130 391
859 4069 924 4118 cii.
952 4068 999 4135 615
1019 4083 1054 4119 Ξ
1073 4067 1088 4116 λ
1109 4079 1160 4130 390
1188 4073 1214 4114 et

133 4145 148 4194 i.
170 4156 234 4206 471:
255 4142 323 4208 ἔγνω
343 4141 375 4192 δὲ
398 4145 475 4210 ψυχή
491 4163 525 4206 με
545 4142 688 4202 ποδώκεος
707 4148 857 4198 Λίακίδαο.

168 4230 193 4290 2)
215 4226 230 4275 λ
249 4237 298 4291 539
319 4223 380 4276 κατ’
403 4225 556 4288 ἀσφόδελον
578 4226 708 4289 λειμῶνα.
