2928 4886
791 401 834 476 3‘4'

269 587 313 636 est
333 575 452 634 carmen
473 593 534 633 non
556 574 648 634 multo
670 587 737 634 ante
760 577 808 637 Ol.
824 580 912 638 XXX
931 579 961 637 in
978 579 1143 656 Odysseam
1159 566 1272 644 illatum
1289 595 1357 648 esse
1457 563 1458 602 t

270 697 410 744 autumat.
434 686 537 759 Itaque
559 683 608 741 hic
629 681 783 741 absolutae
806 683 959 759 Odysseae
983 699 1103 748 nostrae
1126 690 1267 752 terminus
1283 713 1356 754 cum

164 833 170 840 -
270 791 365 868 primo
387 793 446 850 fere
468 790 625 850 consentit.

309 901 422 958 Verum
443 897 595 956 enimvero
617 899 672 954 hae
694 915 799 956 omnes
820 898 1011 959 definitiones
1034 911 1201 978 temporum
1226 922 1263 962 ex
1280 905 1357 964 Eois

269 1013 319 1064 aut
354 1004 514 1080 Catalogis‚
547 1023 582 1062 ex
615 1003 723 1074 Nostis,
757 1023 793 1063 ex
816 1005 1086 1082 Argonauticarum
1107 1008 1207 1067 fabula
1228 1009 1355 1085 petitae,

269 1112 467 1172 infirmissimo
506 1112 700 1171 fundamento
740 1109 880 1178 nituntur,
911 1111 1057 1188 siquidem
1093 1133 1129 1171 ex
1167 1115 1357 1176 carminibus

270 1239 373 1296 parurn
406 1217 482 1278 notis
514 1230 543 1276 et
574 1220 667 1277 multo
702 1217 794 1294 magis
822 1218 947 1276 fortasse
977 1237 1067 1293 quarn
1092 1220 1228 1296 Odyssea
1249 1235 1354 1284 nostra

189 1327 191 1332 '
270 1327 302 1384 in
327 1324 448 1402 singulis
474 1324 605 1400 partibus
632 1323 773 1398 temporis
804 1323 900 1398 spatio
933 1323 1134 1383 differentibus
1161 1335 1288 1386 statuere
1312 1330 1353 1388 de

270 1446 404 1508 tempore
440 1431 516 1488 bene
548 1428 612 1489 noti
644 1428 783 1488 carminis
816 1429 922 1488 mirum
954 1430 1049 1489 videti
1081 1437 1187 1506 potest.
1229 1435 1352 1495 Deinde

180 1594 181 1597 ,
270 1537 387 1614 singula
408 1554 485 1612 quae
507 1535 627 1610 protulit
650 1533 815 1602 Kirchhoff,
845 1545 894 1592 aut
916 1534 998 1594 aliter
1021 1537 1198 1614 explicanda
1216 1553 1285 1600 sunt
1299 1556 1354 1601 aut

270 1657 421 1721 tamquam
444 1641 539 1700 minus
560 1650 641 1700 recte
663 1650 771 1700 statuta
792 1642 885 1700 refelli
907 1643 1031 1703 omnino
1053 1658 1185 1721 possunt.

209 1736 211 1745 ’
311 1750 359 1810 Sic
396 1750 478 1825 quod
510 1748 540 1806 in
572 1748 648 1807 libro
679 1773 695 1818 y
728 1748 767 1806 de
797 1751 979 1809 Telemacho
1013 1771 1030 1809 a
1062 1754 1217 1829 Polycaste
1249 1755 1353 1815 lavato

271 1870 412 1928 narratur,
443 1857 467 1915 is
498 1855 658 1914 narrationi
691 1874 753 1914 non
785 1854 855 1915 inde
887 1857 925 1914 ab
955 1855 1069 1934 origine
1092 1858 1213 1917 infuisse
1234 1859 1354 1919 videtur

270 1967 363 2034 locus,
386 1982 446 2041 quo
467 1982 565 2022 rerum
586 1961 661 2020 ordo
683 1961 918 2039 interrumpatur.
949 1964 1026 2020 Nam
1041 1989 1058 2034 y
1075 1983 1132 2042 415
1149 1966 1352 2026 Telemachus

270 2073 350 2131 iuxta
371 2073 525 2130 Nestorem
548 2069 692 2144 considit3
714 2067 889 2128 sacrificium
912 2067 1064 2128 Minervae
1087 2084 1204 2146 paratur
1222 2083 1251 2130 et
1267 2092 1351 2149 prae·

242 2237 245 2248 ,
270 2177 402 2237 sentibus
435 2175 568 2234 Nestoris
599 2173 790 2233 familiaribus
815 2173 987 2250 absolvitur,
1011 2175 1064 2234 sed
1085 2178 1233 2254 sequentis
1255 2199 1352 2239 cenae

270 2283 460 2360 descriptioni
494 2285 619 2341 moleste
653 2280 851 2340 interveniunt
881 2280 926 2338 illi
958 2301 1056 2340 versus
1087 2283 1125 2342 de
1160 2287 1351 2347 Telemacho

270 2396 375 2460 lavato,
410 2411 478 2450 curn
507 2401 574 2466 post
606 2417 622 2462 y
654 2391 712 2464 463
735 2381 852 2443 ώπτων
876 2400 942 2448 cett.
964 2390 1107 2449 continuo
1121 2393 1205 2469 sequi
1220 2393 1352 2455 debeant

270 2528 287 2573 y
310 2519 368 2574 470
384 2510 451 2557 cett.
471 2504 504 2565 οἵ
525 2498 626 2563 δ’ἑπεὶ
652 2502 821 2581 ὤπτησαν,
835 2506 904 2554 cett.
926 2498 1029 2571 ltaque
1043 2494 1073 2554 id
1089 2498 1222 2556 affictum
1240 2499 1349 2559 videri·

270 2617 367 2683 potest
387 2623 447 2681 quo
469 2615 557 2664 notae
578 2603 654 2661 inter
675 2603 889 2660 Telemachum
910 2601 1060 2678 filiamque
1075 2603 1207 2662 Nestoris
1221 2608 1351 2666 necessi·

270 2713 382 2772 tudinis
402 2712 576 2789 significatio
598 2723 724 2770 exstaret
745 2731 848 2770 eorum
872 2711 1044 2771 nominibus
1058 2712 1145 2771 simul
1161 2714 1332 2774 memoratis
1343 2739 1351 2789 ;

269 2822 356 2879 huius
377 2840 446 2879 vero
469 2817 694 2878 necessitudinis
717 2817 823 2876 notitia
845 2829 875 2877 et
896 2819 928 2877 in
951 2822 1085 2878 Homero
1107 2821 1187 2878 etin
1212 2821 1351 2882 Hesiodo

269 2927 423 2986 referenda
456 2927 494 2984 ad
526 2925 658 3003 gentium
684 2925 873 2984 traditionem
896 2927 1025 3002 aliquam
1047 2927 1144 3003 potius
1168 2929 1284 2988 videtur
1309 2935 1351 3006 r),

269 3054 325 3093 nec
346 3033 478 3110 intellegi
500 3045 598 3109 potest
608 3033 712 3109 poesin
727 3033 952 3109 genealogicam
968 3034 1090 3094 minime
1106 3036 1201 3095 nobili
1215 3038 1351 3112 quodam

269 3144 339 3201 loco
372 3139 537 3226 Homerico
567 3157 649 3199 usam
682 3159 745 3198 esse
766 3140 806 3198 ad
827 3160 936 3200 novam
959 3141 1188 3218 excogitandam
1208 3145 1351 3220 genealo-

269 3248 347 3325 giam
362 3249 401 3322 2),
418 3248 557 3306 Ceterum
574 3266 611 3305 ne
625 3247 684 3305 hoc
699 3247 821 3323 quidem
835 3249 953 3324 probari
969 3259 1076 3325 potest,
1091 3249 1230 3326 temporis
1245 3250 1351 3310 delini-

269 3354 383 3413 tionem
405 3354 443 3412 ad
459 3374 547 3412 unam
564 3357 692 3413 anrum
708 3364 821 3430 partem
836 3353 1034 3430 pertinentem
1049 3355 1078 3414 in
1093 3366 1187 3416 totum
1202 3357 1349 3418 ambitum

269 3459 347 3517 illius
369 3460 509 3519 carminis
530 3460 650 3520 extendi
666 3481 683 3518 a
697 3461 897 3537 Kirchhoffio,
912 3461 995 3535 quasi
1011 3462 1093 3522 ane
1109 3480 1197 3522 unum
1210 3475 1307 3523 essent
1318 3477 1350 3524 et

270 3565 394 3642 simplex
406 3567 525 3628 Contra
532 3587 620 3643 quem
633 3579 713 3626 recte
727 3567 917 3626 observatum
928 3582 973 3627 est
983 3568 1055 3628 alias
1066 3582 1164 3645 partes
1174 3570 1349 3630 Hesiodeae

306 3809 328 3865 tl
347 3808 379 3857 cf.
397 3809 488 3857 Suidas
506 3827 524 3858 s.
538 3828 561 3860 v.
580 3812 753 3876 Ἀνδοκίδης,
775 3810 930 3875 Ἀθηναῖος
950 3811 1086 3878 ῥήτωρ...
1105 3816 1162 3871 υἱὸς
1181 3811 1345 3878 Λεωγόρου,

268 3888 402 3954 ἀπόγονος
426 3891 589 3958 Τηλεμάχου
607 3893 758 3950 Ὀδυσσέως
777 3896 823 3941 καὶ
845 3893 1014 3952 Naucratae,
1035 3893 1068 3952 ὣς
1085 3891 1350 3960 φησινἝλλάνικος

269 3972 299 4020 ci.
320 3972 391 4021 Phot.
410 3972 474 4021 Cod.
494 3973 539 4020 261
555 3991 597 4038 pg.
610 3973 660 4034 488
675 3974 797 4037 (Bekker)
811 3975 874 4024 Plut.
886 3976 970 4026 Alcib.
985 3989 1013 4025 21
1030 3977 1134 4028 Aristot.
1146 3994 1187 4041 ap.
1201 3978 1288 4028 Eustb.
1303 3997 1351 4046 pg.

272 4051 335 4114 1796
348 4053 387 4100 ed.
400 4053 430 4101 R.
443 4054 491 4100 Pro
504 4055 631 4102 Nausicaa
640 4055 690 4102 alia
701 4056 853 4120 genealogia
864 4056 970 4106 fortasse
981 4059 1097 4106 Nestoris
1106 4059 1183 4107 filiam
1193 4063 1355 4113 memoravit.

303 4135 328 4191 2)
358 4133 389 4182 cf.
419 4134 549 4192 Steinthal,
582 4135 666 4184 Ueber
696 4136 792 4184 Homer
821 4146 869 4186 etc.
900 4122 943 4201 pg.
974 4150 1005 4202 35
1035 4139 1166 4196 (Zeitschr.
1197 4140 1212 4188 s.
1239 4139 1294 4203 Spr.
1326 4160 1351 4195 u.

269 4212 450 4278 Volkerpsych.
473 4214 543 4277 1869.
564 4217 628 4276 Vll.)
