2928 4886
653 426 668 482 5

121 599 258 665 negasset
281 587 392 663 Ulixes,
413 597 572 664 postquam
594 587 735 645 libatione
743 585 835 659 sacta
851 587 879 661 ι)
896 586 1034 646 abierunt
1049 587 1206 660 convivae,

95 709 98 716 ·
119 693 295 770 relinquitur
316 713 384 752 cum
408 693 538 752 Alcinoo
560 703 590 751 et
612 695 712 770 Arete,
733 710 818 766 quae,
838 692 966 753 donatas
982 693 1008 752 ei
1024 714 1041 754 a
1055 694 1205 756 Nausicaa

120 811 215 860 vestes
238 819 402 878 agnoscens
423 799 583 876 interrogat
603 797 669 874 quis
691 798 729 857 sit
750 807 779 857 et
799 800 878 859 unde
901 800 954 859 has
977 812 1071 860 vestes
1086 802 1205 862 habeat.

121 911 172 968 De
193 909 326 966 omnibns
345 910 406 966 suis
427 908 578 965 laboribus
598 908 680 982 loqui
698 925 838 965 recusans
860 905 961 966 Ulixes
983 921 1081 970 narrat
1100 920 1131 968 ut
1146 910 1204 970 VII

120 1034 217 1073 annos
239 1014 320 1090 apud
343 1014 504 1090 Calypsum
516 1011 601 1071 fuerit
611 1023 702 1090 utque
714 1024 775 1073 rate
786 1033 840 1090 per
849 1033 930 1074 mare
941 1015 1133 1092 navigaverit,
1146 1034 1205 1092 qua

120 1121 255 1181 discussa
285 1119 419 1196 Neptuni
450 1118 524 1177 iram
556 1118 657 1178 nando
688 1118 837 1196 effugerit3
869 1121 937 1178 silet
969 1121 1004 1179 ele
1028 1123 1201 1180 leucothea.

120 1228 183 1290 Sibi
214 1240 304 1288 nacto
335 1229 458 1286 salutem
497 1225 527 1284 in
552 1237 628 1284 terra
649 1226 818 1285 Phaeacum
839 1227 933 1285 altero
955 1225 1004 1285 die
1024 1229 1225 1286 Nausicaam.

120 1346 217 1395 vestes
249 1335 381 1411 dedisse3
413 1353 501 1410 qnam
531 1335 672 1391 valentem
693 1333 737 1391 ad
747 1335 854 1409 patris
876 1334 990 1392 doenum
1011 1354 1042 1393 se
1064 1336 1205 1394 deducere

119 1445 183 1520 ipse
217 1444 384 1500 retinuerit.
427 1439 484 1498 His
516 1437 661 1499 Alcinous
691 1439 801 1499 auditis
822 1439 897 1499 dicit
920 1439 1039 1500 Ulixem
1060 1461 1202 1518 generum

120 1549 179 1609 sibi
200 1558 314 1626 gratum
337 1558 551 1623 acceptumque
575 1547 648 1620 sore,
671 1545 695 1604 si
715 1546 757 1606 ita
776 1545 894 1605 animus
916 1547 1004 1605 ferat:
1031 1546 1075 1606 sin
1097 1547 1203 1618 minus,

119 1661 191 1716 c'ras
219 1657 345 1714 reditum
367 1675 397 1713 se
419 1657 482 1713 eins
497 1660 744 1729 procuraturum,
768 1653 808 1712 ita
831 1663 862 1711 ut
883 1663 971 1712 nocte
994 1673 1046 1730 per
1066 1673 1203 1715 somnum

119 1761 258 1822 celeriter
288 1761 413 1838 patriam
446 1769 569 1836 repetat.
613 1762 736 1820 Postero
769 1759 818 1820 die
850 1760 986 1820 Minerva
1016 1761 1131 1821 vocatis
1164 1762 1204 1821 ad

119 1868 295 1928 contionem
330 1866 516 1926 Phaeacibus
550 1869 667 1927 Ulixem
686 1870 869 1943 pulcriorem
891 1868 990 1927 redeb't
1009 1873 1053 1942 (ut
1073 1867 1104 1926 in
1126 1868 1204 1929 libro

119 1982 136 2042 t
168 1996 225 2052 ²29
248 1979 336 2053 sqq).
368 1977 440 2034 Post
462 1973 635 2034 contionem
657 1990 726 2031 curn
748 1975 852 2049 epulae
874 1975 1070 2054 celebrantur,
1092 1979 1203 2035 Demo·

120 2085 218 2144 docus
247 2093 327 2142 vates
350 2100 470 2140 carmen
494 2099 605 2140 canens
626 2081 664 2140 de
687 2081 888 2140 controversia
908 2080 984 2140 inter
1007 2082 1154 2141 Achillem
1175 2093 1206 2142 et

121 2191 240 2252 Ulixem
275 2189 441 2248 identidem
472 2187 553 2248 Ulixi
584 2186 720 2245 lacrimas
757 2198 866 2246 movet.
899 2189 969 2247 Hoc
994 2188 1203 2250 animadverso

120 2296 267 2356 Alcinous
276 2295 373 2373 ipsum
389 2311 458 2354 cum
470 2293 576 2352 ceteris
587 2293 626 2353 ad
637 2293 736 2353 forum
748 2293 831 2353 ducit
842 2305 873 2353 ut
884 2305 1018 2370 spectent
1033 2296 1203 2354 Phaeacum

120 2403 298 2476 certamina;
333 2402 442 2479 quibus
477 2399 685 2460 certaminibus
717 2417 784 2459 cum
817 2400 1017 2461 adulescentis
1049 2401 1202 2462 cuiusdam

120 2509 254 2570 convitia
273 2509 370 2585 ipsunt
393 2507 512 2568 Ulixem
526 2506 716 2582 quantumvis
729 2507 856 2566 invitum
871 2509 1012 2568 interesse
1028 2508 1204 2586 adegissent,

120 2635 206 2674 suam
226 2614 276 2674 ille
295 2612 504 2691 praestantiam
526 2612 657 2672 ostendit
678 2616 844 2673 arexiliante
868 2617 1032 2688 Minerua;
1063 2615 1205 2693 gloriatur

122 2741 192 2782 cum
209 2721 273 2781 aliis
288 2721 398 2781 artibus
408 2732 471 2780 tum
486 2721 657 2798 praesertim
674 2741 759 2781 arcus
773 2721 885 2799 peritia,
901 2742 959 2801 qua
976 2723 1028 2783 uni
1042 2744 1073 2784 se
1089 2725 1205 2786 Philoc-

122 2838 201 2888 tetae
213 2829 320 2887 cedere
332 2827 413 2892 dicit.
436 2830 583 2888 Secuntur
593 2829 711 2889 saltatio
722 2828 873 2900 iuvenum,
898 2831 1070 2891 Demodoci
1084 2851 1205 2892 carmen

122 2938 161 2996 de
186 2936 312 2996 Veneris
332 2936 496 3014 Martisque
517 2937 679 2996 amoribus.
703 2937 871 2996 Phaeacum
894 2957 1073 3016 magnopere
1087 2941 1204 3017 elegan-

121 3043 195 3104 tiam
230 3042 387 3102 admiranti
424 3041 503 3103 Ulixi
537 3062 658 3103 munera
681 3043 890 3120 promittuntur
905 3037 939 3105 'et
960 3046 1120 3105 afferuntur
1141 3048 1204 3106 sole

121 3149 283 3212 occidente
315 3153 348 3223 (θ
378 3156 458 3225 417).
503 3152 591 3225 Quae
620 3150 671 3209 ille
693 3171 728 3210 ne
748 3155 815 3228 quis
834 3155 941 3229 rapiat
961 3156 991 3211 in
1012 3145 1117 3212 itinere
1138 3152 1205 3213 dili·

120 3267 226 3335 genter
249 3255 279 3315 in
301 3276 371 3315 arca
391 3256 545 3332 recondit3
566 3259 680 3316 lavatur
701 3257 813 3318 deinde
829 3270 858 3318 et
872 3262 1047 3319 Nausicaae
1059 3261 1204 3320 valedicit.

121 3368 159 3424 In
193 3363 327 3442 sequenti
359 3382 434 3422 cena
469 3362 574 3425 Ulixes
606 3364 817 3424 Demodocum
846 3377 930 3442 rogat
952 3379 991 3434 ut,
1013 3369 1149 3443 qnoniam
1171 3368 1206 3426 de

66 3515 72 3528 .
122 3476 249 3532 interitu
286 3475 470 3532 Graecarum
503 3479 564 3530 tam
590 3474 700 3548 pulcre
730 3474 874 3539 cecinerit,
899 3471 1042 3532 nunciam
1064 3473 1102 3533 de
1125 3492 1204 3551 equo

120 3578 258 3640 Troiano
279 3589 432 3638 memoret.
480 3581 575 3638 Cantu
596 3581 676 3638 natis
696 3581 840 3638 lacrimae
861 3582 924 3640 eius
944 3588 1117 3654 nraaentur;
1132 3600 1206 3657 qua-

121 3695 246 3764 propter
266 3681 411 3746 Alcinous
432 3687 642 3746 Demodocum
664 3685 801 3746 desinere
822 3687 938 3762 iubens,
960 3688 1105 3764 hospitem
1121 3700 1205 3765 rogat

121 3811 227 3853 corarn
251 3791 437 3851 Phaeacibus
458 3791 550 3868 ipsius
565 3811 674 3851 nomen
689 3803 718 3852 et
734 3792 844 3868 patriae
860 3805 892 3853 ut
907 3795 937 3853 in
953 3797 1031 3854 hanc
1046 3796 1205 3855 reducatur

121 3901 251 3960 navibus
276 3901 457 3976 Phaeacum,
478 3916 555 3977 quae
576 3898 750 3977 prodigiosa
771 3900 879 3961 itinera
899 3901 1009 3962 saciant
1030 3922 1205 3980 semperque
1255 3981 1257 3986 Ι

122 4006 294 4066 incolumes
316 4007 446 4065 redeant.
483 4008 673 4081 Quamquam
697 4006 892 4067 Nausithoum
915 4021 1028 4085 patrem
1053 4009 1153 4069 dicere
1175 4030 1205 4070 se

163 4241 185 4297 ι)
210 4236 283 4304 ›1228
298 4259 326 4281 =
339 4257 355 4303 η
369 4238 417 4301 184
431 4235 521 4305 αὐτὰρ
534 4239 597 4289 luel
610 4241 724 4291 σπεῖσάν
739 4260 767 4290 ee
777 4244 841 4292 nior
853 4239 952 4293 d'iaor
962 4243 1051 4310 ἤθελε
1064 4244 1153 4306 θυμός
1164 4283 1169 4294 .
1181 4280 1206 4293 ..
