2804 5518
752 393 808 434 102

238 556 337 634 piam,
358 555 457 616 media
477 575 545 633 pars
567 574 643 632 quae
663 565 707 616 est
728 558 767 617 de
788 557 885 617 bobus
904 554 975 615 solis
989 554 1117 615 vitandis
1132 564 1162 615 et
1176 557 1212 616 de
1222 556 1298 616 caede
1393 569 1394 614 l

237 683 406 741 procorum,
438 674 470 723 nt
502 682 564 724 nou
595 683 763 740 congruens
794 683 864 723 cum
896 663 1031 738 sequenti
1051 662 1129 723 inter
1149 663 1259 724 Ulixem
1276 675 1300 724 et
1393 673 1394 738 ᾗ

136 764 138 772 ‘
238 769 400 829 Anticliam
432 769 597 847 colloquio,
628 769 799 830 recentioris
830 779 873 830 est
904 768 1033 846 originis,
1064 769 1147 846 quod
1170 769 1252 829 etiam
1270 789 1301 828 ex
1393 749 1394 762 ἵ

238 879 372 937 versibus
392 877 463 954 ipsis
485 887 607 954 apparet
631 878 681 954 (cs.
704 885 720 935 t
742 897 799 948 114
821 895 865 952 sq.
886 893 955 935 cum
976 903 986 932 ι
1007 893 1065 953 534
1087 895 1147 953 sq.;
1168 877 1198 935 in
1217 875 1300 953 priore
1393 863 1394 906 ³

237 984 307 1043 loco
329 983 477 1061 appositio
500 987 625 1071 ἄαδρας
649 985 866 1068 ὑπερφιάλους
888 992 955 1060 post
969 993 1101 1069 πήματα
1116 983 1211 1061 arguit
1223 981 1304 1042 imita·

237 1090 349 1150 tionem
385 1093 493 1151 iactam
529 1093 649 1152 alterins
684 1092 754 1166 loci,
790 1091 842 1151 ubi
877 1101 945 1168 post
979 1091 1070 1152 verba
1105 1095 1190 1178 εὕροι
1231 1092 1302 1160 δ’ἕαὶ

239 1209 372 1283 πήματα
397 1203 475 1288 οἴκῳ
507 1220 569 1260 non
602 1199 792 1259 continuatur
822 1198 940 1274 oratio).
981 1201 1051 1258 Pars
1074 1218 1146 1258 vero
1168 1210 1305 1275 postrema

237 1325 314 1382 quae
348 1305 407 1383 agit
439 1307 477 1366 de
509 1309 651 1383 Neptuno
682 1305 830 1383 placando
855 1305 894 1364 ad
916 1316 1049 1365 nostram
1070 1305 1232 1383 Odysseam
1250 1324 1306 1365 non

237 1411 332 1490 magis
352 1412 480 1490 pertinet
502 1433 591 1490 quam
613 1413 697 1491 qnod
721 1411 852 1488 sequitur
873 1412 1057 1488 colloquium
1078 1409 1175 1472 Ulixis
1189 1421 1217 1470 et
1230 1410 1309 1470 Anti-

237 1518 322 1594 cliae,
354 1520 384 1578 in
417 1540 478 1597 quo
512 1520 549 1580 de
581 1521 768 1580 Telemacho
799 1527 831 1578 ut
857 1519 960 1578 adulto
982 1518 1074 1578 verba
1093 1519 1174 1576 fiunt.
1214 1519 1311 1594 Itaque

236 1625 312 1684 haec
343 1625 383 1685 ad
415 1625 606 1686 vetustiorem
639 1627 764 1685 formam
790 1624 915 1685 Ulixeae
935 1626 1054 1686 fabulae
1075 1623 1222 1702 pertinere
1241 1623 1312 1684 dicit

238 1730 446 1806 Wilamowitz,
468 1734 634 1793 secundum
656 1752 746 1810 quam
768 1731 870 1792 Ulixes
893 1751 910 1790 a
931 1731 1025 1792 Troia
1047 1752 1099 1808 per
1113 1731 1313 1792 coutinentem

237 1837 395 1897 Thraciam
417 1837 448 1897 in
469 1839 689 1916 Thesprotiam,
709 1839 782 1898 inde
806 1847 905 1898 autem
927 1842 1060 1898 Ithacam
1076 1839 1198 1898 venerit.
1220 1837 1315 1898 Huius

237 1944 413 2003 narrationis
438 1954 467 2003 et
489 1944 520 2004 in
541 1944 641 2004 Nostis
663 1956 693 2004 et
713 1945 744 2004 in
765 1944 933 2022 Telegonia
957 1946 1079 2024 vestigia
1099 1957 1265 2006 manserunt
1287 1958 1316 2006 et

237 2060 355 2110 constat
386 2070 496 2111 nomen
532 2051 629 2112 Ulixis
659 2050 690 2109 in
721 2051 851 2130 antiquis
883 2052 1011 2113 cultibus
1035 2052 1115 2130 Epiri
1137 2054 1316 2113 celebratum

237 2157 323 2216 fuisse
341 2161 368 2232 1)
390 2157 471 2239 (Wil.
493 2178 543 2235 pp.
569 2177 623 2235 173
647 2157 745 2239 cett),
767 2157 798 2216 in
820 2157 897 2218 libro
919 2185 936 2215 τ
955 2170 1055 2218 autem
1077 2160 1140 2236 ipse
1159 2159 1260 2220 Ulixes
1277 2161 1317 2220 de

236 2265 344 2325 itinere
363 2284 416 2326 suo
439 2286 490 2344 per
511 2267 721 2344 Thesprotiam
744 2277 851 2327 narrat.
887 2269 974 2327 Haec
995 2267 1025 2326 in
1047 2268 1121 2326 tab
1142 2265 1208 2343 ipso
1228 2265 1319 2327 Ulixe

236 2367 400 2439 narrantur,
434 2393 491 2432 uec
523 2393 664 2450 umquam
697 2395 714 2433 a
747 2385 838 2451 poeta
863 2373 949 2433 tertia
970 2394 1098 2451 persona
1118 2384 1234 2433 narrata
1253 2392 1320 2434 esse

236 2481 298 2538 ulla
320 2499 356 2539 ex
378 2480 542 2540 mutatione
563 2490 693 2558 apparet.
715 2484 820 2557 Itaque
843 2479 1070 2542 Wilamowitzio
1092 2501 1159 2541 cum
1175 2479 1323 2556 Cyclopia

237 2579 452 2663 coniungenda
482 2606 546 2646 esse
580 2587 718 2647 videntur
747 2586 778 2645 in
802 2606 892 2645 unam
914 2587 1131 2647 narrationem:
1156 2585 1199 2646 sic
1219 2595 1323 2646 tamen

237 2702 270 2750 ut
303 2691 334 2751 in
371 2713 407 2752 ea
441 2695 566 2754 multum
599 2693 742 2771 temporis
773 2693 938 2752 interfuisse
972 2694 1139 2770 putandum
1171 2693 1208 2752 sit
1240 2692 1327 2753 inter

239 2799 380 2877 Cyclopis
411 2803 653 2864 excaecationem
688 2813 717 2861 et
749 2801 927 2860 descensum
961 2800 1058 2862 Ulixis
1076 2800 1116 2860 ad
1139 2799 1258 2860 inferos.
1283 2834 1327 2844 —

237 2907 384 2967 Secuntur
395 2912 549 2987 catalogus
563 2910 751 2970 heroinarum
766 2918 794 2966 et
810 2905 961 2984 colloquia
976 2926 1044 2966 cum
1058 2906 1182 2967 Graecis
1193 2904 1331 2966 ducibus

236 3013 274 3071 ab
308 3032 354 3084 eo,
387 3013 437 3091 qui
471 3022 534 3078 ε-ξ
558 3012 736 3092 composuit,
769 3012 928 3075 coniuncta
950 3034 1003 3091 per
1023 3014 1155 3091 ineptam
1177 3015 1332 3074 confabu-

236 3118 377 3179 lationem
400 3121 506 3200 Ulixis,
529 3121 675 3201 Echenei,
696 3125 812 3198 Aretes,
834 3119 971 3198 Alcin0i3
993 3141 1063 3181 nam
1088 3122 1158 3181 olim
1170 3122 1247 3180 haec
1259 3141 1333 3181 non

236 3226 450 3288 cohaerebant.
493 3229 655 3306 Catalogus
685 3241 784 3290 autem
816 3231 1005 3292 heminarum
1031 3232 1125 3312 magis
1150 3232 1336 3293 Hesiodum

237 3331 298 3391 olet
314 3351 401 3407 quam
419 3336 595 3394 Homerum.
618 3337 668 3396 Ob
683 3347 862 3398 memoratas
875 3339 906 3398 in
918 3359 955 3400 eo
967 3340 1130 3417 Antiopam
1142 3339 1339 3416 Epicastam,

236 3440 428 3516 Alcmenam,
452 3444 616 3519 Megaram,
639 3444 814 3520 Ariadnam,
838 3446 876 3505 de
898 3447 1006 3523 quibus
1019 3446 1051 3506 in
1067 3447 1245 3525 Cypriorum
1263 3465 1341 3504 car·

237 3543 318 3604 mine
343 3549 484 3608 Menelao
509 3550 665 3610 Nestorem
687 3552 851 3612 narravisse
874 3553 994 3628 scimus,
1018 3572 1086 3614 cum
1109 3553 1198 3613 etiam
1219 3562 1343 3614 nostro

235 3653 305 3711 loco
321 3651 353 3710 in
369 3659 384 3709 t
405 3674 475 3731 prae
491 3656 614 3716 caeteris
627 3660 717 3735 Tyro,
733 3657 817 3737 origo
829 3662 991 3722 Nestoreae
1002 3661 1108 3738 gentis,
1123 3658 1346 3737 praedicetur,

235 3756 433 3820 Wilamowitz
458 3763 597 3840 opinatus
619 3767 662 3823 est
685 3784 805 3824 carmen
829 3765 969 3844 Cyprium
993 3768 1062 3826 huic
1085 3765 1160 3844 parti
1183 3769 1348 3843 exemplo

234 3864 333 3942 fuisse,
366 3880 399 3928 ut
431 3869 501 3928 item
533 3874 636 3930 Maera
667 3880 696 3932 et
730 3873 874 3950 Clymene
908 3894 944 3934 ex
976 3874 1078 3934 Nostis
1109 3873 1219 3951 petitae
1260 3874 1351 3934 sint.

272 4108 295 4166 1)
315 4107 401 4157 Schol.
421 4109 548 4173 Lycophr.
575 4108 634 4176 800,
653 4120 710 4175 799,
730 4108 788 4174 809,
808 4109 894 4177 Steph.
913 4113 971 4180 Byz.
991 4129 1011 4163 s.
1031 4130 1053 4164 v.
1075 4111 1218 4181 Τραμπὺα
1241 4113 1359 4166 Schol.

238 4185 276 4236 Η.
295 4194 319 4234 et
336 4187 425 4239 Eusth.
444 4189 508 4240 adl.
531 4202 586 4242 122.
