2928 4886
749 401 858 460 .28

302 581 434 642 brevitur
457 592 489 641 ut
511 581 585 641 solet
606 579 703 656 attigit
724 582 858 641 Cobetus
880 580 1046 640 Miscellan.
1068 579 1139 638 erit.
1162 599 1211 656 pg.
1234 599 1294 653 401
1321 601 1393 658 sqq.

303 687 388 747 cuius
422 689 497 746 haec
529 686 698 747 observatio
731 686 885 765 diligenter
916 686 1179 747 animadvertenda
1210 698 1264 762 est,
1291 707 1393 766 quam

304 794 343 853 de
374 793 507 854 versibus
538 818 555 863 r
589 812 623 869 71
659 812 721 868 sqq.
755 811 823 854 cum
849 821 859 847 ι
884 812 939 872 252
962 813 1026 871 sqq.
1051 793 1231 870 comparatis
1253 792 1393 875 [exstant

303 911 403 960 autem
424 902 513 960 etiam
535 903 648 977 Hymn.
668 902 700 959 in
722 904 780 977 Ap.
801 903 887 977 Pyth.
910 919 968 976 274
983 902 1019 959 cf.
1039 902 1134 962 Thuc.
1149 902 1278 976 1:522]
1296 902 1392 962 fecit:

304 1004 400 1078 „Mihi
427 1003 547 1081 quidem
571 1004 671 1065 eximii
693 1025 792 1066 versus
813 1025 911 1085 neque
931 1009 991 1068 hoc
1012 1008 1082 1066 loco
1104 1023 1203 1084 neque
1223 1005 1276 1066 illo
1300 1008 1393 1068 nati

303 1111 450 1184 videntur,
475 1112 529 1171 sed
550 1131 586 1170 ex
611 1111 832 1189 antiquiore
854 1106 1025 1174 carmine
1047 1112 1156 1190 sumpti
1175 1132 1228 1189 per
1241 1112 1394 1174 imitatio·

303 1236 371 1277 nem
404 1228 433 1277 et
465 1220 525 1276 huc
555 1228 584 1277 et
614 1218 687 1277 illuc
719 1239 780 1279 non
795 1251 798 1258 ι
812 1219 874 1279 sine
905 1219 1036 1295 quadam
1058 1218 1196 1279 molestia
1217 1219 1392 1280 translati.”

304 1325 443 1384 Ceterum
477 1326 568 1384 Goth.
603 1327 812 1386 Hermannum
843 1327 967 1406 (Opusc.
993 1326 1069 1386 VIII
1097 1330 1207 1400 1—22)
1229 1337 1259 1386 et
1279 1329 1394 1387 Duen-

303 1443 415 1490 tzerum
448 1433 555 1508 (Hom.
590 1433 741 1492 Abhandl.
780 1435 854 1508 1872
890 1453 938 1510 pg.
969 1436 1123 1510 464-84)
1145 1444 1262 1493 secutus
1278 1433 1393 1516 *Carol

301 1537 368 1598 Sittl
402 1539 478 1597 1882
511 1537 617 1597 librum
652 1539 829 1616 singularem
857 1540 897 1600 de
917 1540 1027 1600 iteratis
1048 1540 1079 1601 in
1101 1541 1235 1618 Odyssea
1256 1541 1392 1618 scripsit,

303 1662 392 1719 quem
414 1654 516 1720 postea
538 1646 739 1706 tractabimus.

344 1749 423 1823 „His
444 1769 513 1809 vero
532 1750 672 1810 indiciis”
685 1787 721 1798 ·-
731 1751 773 1812 ita
783 1752 878 1830 pergit
889 1755 1081 1830 Sengebusch
1093 1756 1103 1812 l
1114 1755 1134 1814 l.
1150 1752 1221 1829 (vid.
1233 1773 1262 1830 p.
1276 1775 1292 1813 2
1296 1753 1330 1833 5)
1346 1791 1387 1799 —

304 1856 396 1932 „quid
415 1856 573 1930 indicetur,
596 1858 633 1917 de
650 1877 687 1918 eo
702 1859 830 1918 maxima
844 1871 889 1919 est
903 1857 1085 1918 contentio.”
1107 1859 1189 1936 Quid
1198 1859 1229 1919 in
1240 1862 1296 1918 hac
1307 1879 1392 1920 con-

303 1963 435 2023 tentione
468 1964 597 2023 vitorum
630 1965 787 2026 doctorum
808 1966 880 2026 inde
902 1985 919 2025 a
939 1966 1127 2026 Kirchhoffio
1149 1965 1245 2026 studia
1265 1968 1391 2042 profue-

303 2069 362 2140 rint
383 2071 423 2129 ad
445 2070 696 2146 compositionem
720 2073 873 2148 Odysseae
894 2073 1102 2150 explicandam
1124 2073 1211 2132 nobis
1226 2075 1391 2134 ostenden·

198 2187 199 2192 ’
305 2177 376 2235 dum
398 2175 607 2253 proposuimus
613 2199 621 2250 ;
643 2179 696 2238 sed
717 2190 805 2238 antea
826 2196 884 2238 una
905 2180 1041 2255 quaestio
1061 2181 1283 2241 consideranda
1296 2183 1391 2242 nobis

303 2294 399 2343 restat.
425 2285 536 2342 Eorum
559 2303 636 2360 quae
658 2285 807 2363 attigimus
829 2285 968 2346 villorum
983 2290 1127 2347 nonnulla
1142 2288 1236 2348 critici
1252 2291 1391 2349 Alexan·

304 2389 382 2450 drini
412 2390 656 2466 interpolatorum
689 2391 878 2470 quorundam
910 2396 1015 2470 culpae
1047 2395 1179 2455 tribuunt
1210 2407 1239 2454 et
1271 2396 1391 2457 vitiosis

303 2497 436 2576 versibus
457 2509 609 2574 tamquam
631 2498 912 2576 interpolationibus
934 2501 1082 2562 damnatIs
1107 2501 1217 2562 iustum
1246 2503 1391 2563 carminis

302 2604 438 2664 ordinem
459 2605 610 2665 restituere
633 2606 830 2690 conatisunt.
865 2606 984 2683 Quibus
1005 2626 1082 2668 unus
1104 2608 1237 2669 omnium
1253 2610 1391 2672 maxime

232 2706 236 2715 ’
302 2731 333 2772 se
355 2713 495 2790 opposuit
515 2713 678 2773 Kirchlroff
688 2713 718 2772 in
729 2713 805 2773 libro
817 2723 921 2790 postea
932 2713 1085 2775 laudando
1096 2735 1146 2793 pg.
1160 2717 1216 2774 282
1231 2717 1389 2780 scribens:

304 2819 374 2893 „die
394 2821 552 2879 Annahme
574 2819 656 2879 einer
679 2819 895 2896 Interpolation
917 2822 997 2880 kann
1019 2833 1078 2881 erst
1099 2823 1180 2882 dann
1192 2824 1235 2882 als
1246 2823 1391 2886 erwiesen

303 2928 473 2986 betraehtet
493 2927 620 3002 werden,
642 2945 727 2985 wenn
752 2926 820 2986 eine
842 2929 1075 3004 Veranlassung‚
1091 2929 1139 2988 die
1157 2929 1199 2989 sie
1213 2931 1390 3002 hervorrief,

304 3035 515 3112 tiberzeugend
546 3035 707 3112 dargethan
731 3033 785 3108 ist;
818 3035 898 3095 ohne
920 3033 1022 3094 diesen
1047 3035 1204 3095 Nachweis
1225 3035 1322 3097 bleibt
1343 3041 1389 3098 sie

306 3141 354 3202 ein
370 3141 550 3218 subJectives
561 3141 695 3219 Meinen,
706 3142 832 3200 welches
842 3140 993 3200 vielleicht
1003 3140 1085 3202 nicht
1095 3141 1246 3220 widerlegt
1255 3145 1388 3214 werden,

305 3250 377 3309 aber
407 3250 483 3309 auch
513 3251 565 3308 aui
592 3249 681 3308 keine
706 3249 880 3324 Beachtung
901 3250 1059 3324 Ansprueh
1081 3251 1206 3308 machen
1229 3249 1342 3311 kann.”
1361 3251 1389 3333 ι)

345 3359 417 3415 Hoc
449 3355 498 3416 alii
527 3372 564 3414 ex
589 3355 804 3416 recentioribus
825 3353 1032 3431 probaverunt,
1057 3373 1125 3414 cum
1146 3368 1250 3415 contra
1271 3357 1333 3430 alii,
1356 3358 1388 3417 in

305 3463 365 3521 hoc
387 3462 660 3522 Alexandrinorum
682 3461 887 3520 auctoritatem
909 3461 1097 3531 excedentes,
1116 3462 1188 3521 dum
1203 3481 1304 3521 eorum
1321 3483 1386 3525 sen·

304 3568 428 3628 tentiam
469 3568 642 3640 defendunt,
675 3567 763 3628 certis
798 3567 979 3643 quibusdam
1014 3569 1195 3640 hominibus,
1228 3571 1389 3647 rhapsodis

304 3674 425 3752 scilieet,
452 3675 655 3752 interpolandi
680 3675 927 3735 consuetudinem
953 3676 1137 3752 adscribunt,
1160 3676 1253 3737 debili
1277 3678 1388 3739 admo-

304 3782 375 3840 dum
407 3781 579 3842 testimonio
610 3782 685 3842 freti
728 3781 838 3842 Scribit
869 3784 969 3844 Schol.
992 3783 1031 3844 ad
1054 3783 1143 3843 Pind.
1166 3786 1253 3844 Nem.
1276 3787 1324 3844 II:
1353 3807 1386 3847 r:

306 3895 480 3971 ἐπιφανεῖς
506 3892 540 3956 δὲ
567 3893 719 3972 ἐγένοντο
746 3887 951 3978 [Ὁμηρίδαι]
971 3895 1003 3954 θὶ
1026 3897 1097 3974 περὶ
1111 3899 1298 3968 Κύναιθον,
1311 3898 1387 3970 οὓς

306 4019 409 4075 φασι
444 3993 582 4059 πολλὰ
617 3999 697 4060 τῶν
734 3997 842 4062 ἐπῶν
879 4004 1147 4078 ποιήσαντας
1172 3995 1383 4080 ἐμβαλεῖν

305 4134 501 4146 -ι-φ

343 4215 365 4286 1)
385 4215 417 4265 ct.
435 4214 498 4266 ibid.
515 4231 540 4286 p.
559 4215 618 4283 578,
636 4228 693 4286 59¹·
