2884 4880
395 832 810 1035 illesos

592 1329 616 1386 1.

110 1458 249 1518 Carmina
270 1459 347 1535 epici
368 1459 418 1535 qui
440 1459 547 1520 dicitur
568 1459 645 1540 cycli
667 1462 786 1520 saeculo
809 1461 835 1518 V
857 1481 884 1520 a.
906 1461 974 1522 Chr.
997 1481 1028 1522 n.
1046 1463 1146 1540 vulgo,

66 1577 98 1623 ut
121 1566 191 1624 Ilias
212 1577 240 1625 et
261 1566 406 1644 Odyssea,
429 1568 564 1628 Homero
587 1568 737 1646 adscripta
758 1578 835 1631 sunt.

588 1729 625 1784 II.

107 1854 247 1914 Pisistrati
280 1857 468 1933 filiorumque
504 1857 567 1917 eius
600 1857 680 1918 iussu
711 1857 842 1916 carmina
867 1857 1028 1917 Homerica
1049 1858 1145 1936 primo

60 1964 178 2040 scripto
199 1964 341 2024 mandata
362 1976 435 2024 sunt.

577 2076 629 2132 III.

104 2205 191 2280 Quae
220 2202 252 2263 in
284 2204 442 2281 exemplari
476 2205 524 2264 ed.
555 2205 648 2281 princ.
682 2204 805 2263 Homeri
837 2207 1035 2278 Florentinae,
1060 2205 1144 2279 quod

57 2311 156 2371 hodie
181 2311 208 2370 in
232 2312 419 2372 bibliotheca
440 2312 592 2371 Marciana
614 2322 785 2385 asservatur,
808 2311 847 2370 ad
867 2311 892 2368 B
917 2332 972 2388 203
996 2310 1144 2388 adscripta

56 2428 132 2477 sunt
154 2419 244 2478 verba
265 2418 428 2495 (Dindorff,
450 2420 540 2496 praeli
564 2419 657 2478 schol.
680 2419 765 2477 Iliad.
788 2421 830 2494 lp¹
854 2419 987 2491 XXIV):

103 2532 146 2592 N
150 2513 184 2590 υό
217 2513 378 2608 ‹lr'i’trm
411 2531 462 2594 ὅτι
488 2535 592 2594 ταῦτα
617 2529 725 2604 καλῶς
749 2533 777 2594 εἰ
802 2533 855 2592 καὶ
881 2531 923 2604 ὡς
947 2529 1012 2592 dno
1034 2535 1145 2591 Πεισι-

55 2645 220 2723 στράτονῑ
246 2679 289 2688 -

103 2773 142 2812 ea
163 2753 203 2812 ita
225 2757 311 2830 plene
333 2755 491 2815 scribenda
513 2765 594 2815 sunt:

106 2870 289 2949 Δημήτριος
314 2868 332 2929 ό
357 2865 525 2950 Φαληρεύς
550 2865 659 2945 ἔλεγεν
685 2871 773 2929 mci.

573 3030 626 3088 IV.

103 3161 122 3224 ὃ
150 3163 223 3238 758:
247 3149 289 3234 ὧς
314 3167 408 3241 φάτο·
432 3166 487 3240 τῆς
505 3158 649 3247 ὂέὔνησε
671 3165 788 3242 γόον,
812 3161 907 3248 σχέθε
926 3160 1023 3225 δ’ὄσσε
1040 3165 1139 3240 νόοιο.

102 3295 158 3353 pro
181 3280 257 3353 νόον
280 3277 455 3353 legendum:
479 3283 565 3343 νόον,

584 3416 622 3474 V.

103 3549 121 3623 ζ
150 3549 202 3623 185
226 3545 367 3627 μάλιστα
393 3548 428 3612 δέ
453 3544 639 3616 τ’ἕκλνον
664 3548 768 3615 αὐτοί.

99 3677 259 3735 propono:
283 3660 391 3727 ltaov.

574 3779 627 3835 VI.

101 3933 111 3968 ι
155 3907 210 3982 138
242 3925 286 3982 sq·
315 3903 389 3969 ἀλλ’
416 3905 653 3983 ἐπικέλσαντας
675 3920 786 3994 μεῖναι
813 3917 940 4000 χρόνον,
977 3919 1035 3990 εἷς
1069 3916 1137 3979 ὃκε

866 4055 915 4095 να
926 4057 945 4094 ν
955 4029 996 4094 τέ
1008 4055 1032 4093 ω
1042 4057 1069 4096 ν.

152 4111 254 4188 θυμὸς
281 4113 439 4197 ἐποτρύνῃ
465 4112 555 4179 ml.

97 4227 232 4286 Praestat
253 4226 342 4286 lectio
364 4230 552 4305 quorundam
574 4231 730 4292 codicum:
754 4239 797 4310 εἷς
824 4237 899 4301 ὃκεν
926 4227 1014 4301 αὖτε.
