2928 4886
610 440 647 512 35

85 608 184 691 poesis
197 608 332 691 ignorare
350 625 478 673 nostram
497 615 672 692 Odysseam.
689 617 733 674 Ut
751 613 881 691 Calypso
901 609 1054 674 Hesiodus
1071 609 1169 674 Theo·

84 741 156 798 gon.
174 737 233 797 359
245 721 360 779 Oceani
369 721 461 780 filiam
472 721 555 790 facin
571 721 633 780 eius
643 721 719 781 filios
730 741 766 780 ex
778 721 865 781 Ulixe
876 721 1074 781 Nausithoum
1087 723 1169 781 Nau·

85 828 265 904 sinoumque
288 838 376 886 vocat
397 826 483 901 (ibid.
508 817 608 903 1017),
629 844 697 885 cum
721 833 738 894 ζ·
762 845 777 901 7
802 839 830 886 et
850 827 919 887 alibi
942 839 1026 905 pater
1048 827 1168 888 Alcinoi

86 934 270 994 Nausithous
291 934 464 1010 appellatur.
504 934 589 1008 Quos
610 934 634 992 si
655 934 740 992 locos
762 933 950 1011 cognovisset
969 935 1001 993 in
1022 937 1093 994 ficta
1113 955 1170 994 nec

86 1041 220 1118 gentium
240 1040 379 1102 historiae
401 1040 564 1098 inhaerenti
581 1041 758 1118 genealogia
779 1040 936 1100 nominum
958 1042 1169 1102 confusionem

88 1149 229 1208 evitasset
258 1147 454 1224 Theogoniae
485 1159 597 1206 auctor.
640 1151 687 1206 De
719 1147 779 1207 alio
809 1160 909 1207 autem
940 1149 1010 1208 loco
1036 1148 1170 1225 pluribus

89 1255 301 1332 disputandum
324 1234 376 1317 est.

131 1363 181 1420 Ad
211 1384 229 1431 η
263 1379 300 1436 54
333 1359 430 1418 Schol.
465 1359 574 1433 BPQT
608 1369 766 1417 annotant:
816 1361 989 1444 {flowing
1025 1363 1169 1445 ἀδελφὴν

88 1473 273 1537 Ἀλκινόου
296 1474 353 1550 τὴν
379 1465 529 1552 Ἀρήτην
553 1466 741 1554 ὑπέλαβεα”
765 1484 824 1542 qua
834 1487 865 1526 re
879 1467 999 1543 probari
1010 1468 1172 1527 Kirchhoff

89 1576 164 1636 dicit
185 1573 354 1646 Hesiodum
369 1591 468 1632 versus
485 1591 533 1651 54,
556 1592 591 1650 55
608 1585 723 1634 tantum
737 1575 863 1649 novisse,
880 1589 1051 1653 sequentem
1070 1587 1168 1636 autern

90 1682 310 1764 genealogiam
338 1699 396 1756 qua
417 1685 505 1739 Arete
528 1681 709 1742 consobrina
732 1682 851 1742 Alcinoi
874 1683 990 1757 dicitur,
1016 1694 1048 1742 ut
1069 1684 1108 1743 ab
1132 1703 1169 1743 eo

57 1831 62 1836 -
91 1811 154 1851 non
165 1795 280 1866 lectam,
291 1787 549 1866 interpolationem
561 1807 623 1848 esse
635 1801 703 1865 post
713 1789 896 1849 diaseuastae
908 1802 1035 1851 aetatem
1046 1791 1172 1868 illatam3

91 1917 152 1974 qua
172 1899 204 1955 in
219 1917 249 1956 re
266 1895 503 1956 consentientem
518 1897 609 1954 habet
624 1896 878 1958 Wilamowitzium
890 1919 938 1976 pg.
952 1902 1008 1977 169
1021 1919 1049 1957 n.
1062 1900 1091 1959 6.
1112 1900 1172 1958 Sed

90 2003 260 2082 diligentius
291 2001 493 2061 consideranti
525 2014 645 2078 apparet
678 2023 748 2064 eum
778 2007 879 2064 locum
901 2013 929 2079 (η
953 2007 1085 2084 55—68)
1109 2017 1171 2066 arte

90 2113 250 2171 cohaerere
284 2127 353 2168 cum
387 2109 588 2185 sequentibus,
623 2109 694 2187 quia
728 2131 765 2169 ex
800 2113 977 2189 genealogia
1008 2113 1171 2190 explicatur

91 2218 246 2296 dignitatis
269 2217 386 2293 reginae
407 2216 555 2294 fastigium
569 2218 652 2292 quod
666 2216 762 2293 ipsum
777 2218 899 2292 quidem
916 2238 1036 2279 movere
1050 2220 1171 2280 Ulixem

92 2325 187 2384 debet
207 2335 238 2381 ut
252 2327 361 2383 Aretae
376 2322 518 2398 imprimis
533 2343 564 2382 se
579 2323 716 2400 applicet.
741 2325 817 2383 Cum
832 2325 920 2402 igitur
933 2346 1033 2386 versus
1047 2345 1172 2402 sequen-

91 2447 138 2492 tes
160 2433 197 2490 ab
218 2459 236 2506 η
253 2450 267 2508 5
273 2433 372 2508 5—68
388 2430 517 2506 separari
532 2427 692 2507 nequeunt,
714 2441 776 2489 tum
792 2450 830 2491 ne
844 2450 904 2491 una
917 2432 1037 2507 quidem
1053 2453 1121 2492 curn
1137 2433 1172 2492 iis

92 2538 150 2597 eici
181 2551 320 2616 possunt;
349 2557 420 2596 nam
449 2536 472 2595 si
495 2536 701 2596 omitterentur
722 2557 777 2596 vss.
802 2555 931 2616 55-77,
953 2538 1027 2597 nihil
1050 2538 1174 2599 omnino

92 2646 230 2706 Minerva
251 2645 369 2704 diceret.
393 2647 496 2719 Itaque
518 2661 586 2702 cum
604 2643 845 2720 interpolationis
859 2643 931 2724 (qua
946 2646 1072 2722 probata
1086 2646 1175 2705 etiam

92 2785 113 2839 η
144 2754 200 2824 146
228 2754 357 2838 Ἀρήτη
390 2760 533 2836 θύγατερ
565 2757 752 2838 Ρηξήνορος
784 2755 954 2821 ἀντιθέοιο
985 2753 1173 2813 damnandus

92 2857 196 2938 esset),
218 2858 291 2918 ratio
303 2861 385 2918 nulla
399 2871 550 2936 appareat,
568 2858 767 2934 discrepantia
781 2877 858 2934 quae
874 2872 917 2918 est
931 2860 1005 2918 inter
1020 2877 1067 2937 54,
1092 2878 1127 2937 55
1146 2873 1175 2920 et

92 2977 270 3041 sequentem
292 2966 497 3042 genealogiam
520 2965 617 3042 potius
639 2965 682 3024 sic
704 2965 882 3042 explicanda
905 2985 968 3025 esse
990 2966 1114 3042 videtur,
1145 2977 1177 3024 ut

92 3093 149 3150 per
167 3091 233 3131 eam
248 3083 366 3148 poetam
378 3084 515 3148 putemus
526 3073 665 3132 consulto
681 3072 895 3132 contradixisse
912 3072 1072 3150 antiquiori
1087 3073 1176 3132 tradi·

92 3177 171 3240 tioni
191 3197 280 3254 quam
303 3178 399 3255 primo
421 3180 490 3238 loeo
512 3183 574 3254 (54,
599 3197 614 3255 5
619 3182 649 3255 5)
671 3179 779 3255 posuit.
800 3179 910 3240 Similis
932 3178 1176 3239 contradictionis

92 3287 264 3362 exemplum
286 3287 427 3361 praebent
444 3303 543 3344 versus
564 3286 602 3344 de
624 3285 778 3345 Dioscuris
800 3293 815 3342 t
832 3307 888 3362 301
907 3296 974 3345 cett.
991 3304 1058 3345 cum
1075 3291 1102 3342 Γ
1119 3307 1176 3362 243

92 3413 141 3470 sq.
167 3394 332 3470 comparati
362 3393 400 3468 (Γ
422 3415 478 3470 ²43
503 3412 545 3469 sq.
568 3397 641 3470 τούς
666 3391 758 3479 δ’ῆδη
783 3403 916 3481 κάτεχεν
941 3396 1092 3478 φυσίζοος
1118 3390 1176 3460 αἶα

92 3507 157 3569 Ἐν
182 3505 410 3586 Λακεδαίμονι
436 3497 516 3568 αὖθι
540 3507 604 3568 κτὲ.
631 3502 649 3566 λ
671 3519 740 3576 301-
763 3505 847 3576 Tota
872 3502 923 3568 dot
933 3534 955 3586 μ
966 3531 1021 3586 qm
1046 3503 1063 3577 ζ
1071 3509 1096 3569 ὡ
1107 3531 1122 3569 o
1134 3501 1177 3578 irc

93 3610 229 3696 κατέχει
246 3611 396 3692 φυσίζοος
416 3607 499 3689 αἶα),
523 3609 555 3668 in
578 3609 687 3686 quibus
709 3608 895 3666 observanda
910 3611 1068 3669 verborum
1080 3610 1179 3668 simili-

93 3717 172 3776 tudo
194 3703 299 3776 sedulo
321 3717 453 3793 quaesita
474 3730 506 3776 ut
528 3719 601 3776 alter
623 3713 842 3775 locusalterum
857 3715 888 3772 in
902 3726 1031 3775 mentem
1047 3726 1178 3790 vocaret,

93 3823 150 3883 sed
174 3842 228 3899 per
248 3823 352 3882 addita
372 3825 462 3883 verba
484 3823 514 3882 in
536 3826 629 3882 altero
651 3826 720 3884 loco
743 3826 862 3886 alterius
876 3826 1022 3886 sententia
1037 3837 1178 3885 correcta.

94 3930 217 4006 Quodsi
247 3931 323 3988 haec
354 3929 513 4006 explicatio
545 3929 710 4007 probabilis
730 3931 849 3991 videtur
871 3952 928 3991 nec
949 3934 1111 3992 abhorrens
1140 3933 1178 3991 ab
1237 3946 1239 3950 ’

94 4038 202 4097 indole
217 4037 448 4098 Homericorum
464 4037 641 4116 carminum,
655 4055 731 4113 quae
750 4039 781 4096 in
806 4040 927 4100 defectu
952 4039 1179 4100 sacerdotalium

95 4145 240 4206 librorum
265 4147 345 4222 apud
366 4147 499 4206 Graecos
521 4145 705 4221 aliquatenus
727 4165 780 4222 pro
803 4147 1004 4207 monumentis
1032 4145 1180 4206 historicis

96 4253 197 4310 valere
219 4251 394 4322 debuerunt,
425 4251 724 4312 animadvertendum
747 4263 801 4330 est,
823 4254 970 4314 hocloco
993 4251 1177 4312 Hesiodeam
