2928 4886
634 415 671 470 33

148 575 234 635 Alter
263 573 405 635 terminus
434 572 557 634 efficitur
579 572 767 633 considerato
790 573 921 633 carmine
942 568 1008 630 τῶν
1034 569 1190 643 Νόστων,

106 682 192 760 quod
213 683 247 741 C.
271 684 308 742 Ο.
332 683 461 740 Mueller
482 679 560 739 circa
578 682 637 740 XX
657 680 705 739 Ol.
722 679 923 756 compositum
939 700 1002 741 esse
1018 680 1092 740 dicit
1105 701 1192 759 prop·

107 800 154 848 ter
186 789 374 866 Colophonis
406 787 584 848 condendae
619 786 650 847 in
681 806 717 846 eo
743 797 931 846 occurrentes
952 788 1192 865 significationes,
1291 843 1297 850 .

107 898 181 956 Hoc
211 914 333 954 carmen
357 895 520 954 secundum
545 893 644 954 Procli
665 905 871 971 argumentum
893 896 1039 971 quaedam
1064 915 1101 956 ex
1121 916 1191 956 nos·
1264 921 1268 926 ·

105 1011 170 1058 trae
192 999 343 1076 Odysseae
363 998 445 1058 libris
466 1029 483 1072 y
506 1003 525 1052 δ
545 999 658 1075 repetit,
681 1009 713 1058 ut
734 998 921 1060 mentionem
942 1003 970 1059 V
989 1000 1110 1060 navium
1126 1003 1189 1060 Me·

106 1107 186 1167 nelai
221 1111 250 1183 (y
285 1110 354 1184 299)
386 1120 416 1166 et
442 1126 534 1183 genus
564 1117 731 1166 maternum
752 1106 960 1184 Megapenthis
983 1105 1113 1168 Menelai
1137 1105 1190 1164 filii

107 1217 140 1288 (δ
163 1213 253 1289 init),
275 1231 352 1288 quae
374 1231 435 1272 non
457 1235 493 1274 ex
512 1213 578 1290 ipsa
598 1213 700 1272 fabula
720 1223 870 1289 tamquam
896 1214 1049 1274 communi
1069 1225 1098 1273 et
1112 1215 1192 1274 Nos-

106 1334 207 1382 torum
242 1333 272 1381 et
304 1320 516 1381 Telemachiae
542 1321 626 1380 fonte
648 1331 783 1380 manasse
806 1321 956 1380 censenda
981 1331 1065 1394 sunt;
1094 1319 1189 1380 conti·
1242 1393 1245 1400 ἱ

106 1429 203 1488 nebat
222 1427 312 1487 etiam
336 1462 370 1472 —
393 1427 477 1503 quod
498 1425 590 1503 magis
613 1445 649 1485 ex
671 1426 825 1486 Eustathio
850 1427 889 1486 ad
911 1427 971 1487 Od.
992 1448 1021 1504 p.
1048 1430 1125 1504 1796
1141 1426 1189 1486 ed.

107 1539 200 1599 Rom.
232 1545 354 1612 apparet
386 1555 476 1611 quam
508 1555 545 1594 ex
567 1535 685 1607 Proclo‚
718 1551 804 1611 quem
827 1534 990 1593 Kirehhoff
1017 1545 1102 1610 putat
1131 1553 1191 1593 uno

106 1654 263 1702 momento
295 1643 399 1701 relicto
421 1652 588 1700 ceterorum
608 1641 775 1700 secundum
796 1658 880 1699 suum
902 1640 1088 1717 propositum
1110 1639 1190 1701 ordi·

106 1768 179 1808 nem
201 1759 330 1807 mutasse
356 1752 382 1823 r)
407 1783 443 1792 -
465 1747 638 1808 continebat
659 1747 748 1824 igitur
768 1747 846 1806 illius
863 1747 980 1807 indicio
995 1749 1055 1807 hoc
1071 1767 1189 1806 carmen

106 1856 200 1916 etiam
232 1851 347 1911 νόστον
371 1854 468 1914 Ulixis
489 1864 518 1914 et
543 1845 692 1932 νέκυιαν,
713 1854 743 1912 in
766 1874 826 1933 qua
846 1855 883 1914 de
900 1857 1028 1914 Tantalo
1043 1855 1191 1931 quaedam

107 1973 417 2022 commemorarentur
436 1962 467 2020 in
489 1961 687 2022 imitationem
709 1961 772 2020 eius
793 1960 882 2038 partis
904 1980 941 2039 ex
958 1961 1034 2020 libro
1060 1965 1075 2014 λ
1100 1979 1190 2036 quam

107 2069 274 2128 Kirchhoff
301 2067 505 2128 diasceuastae
536 2068 679 2128 attribuit.
722 2067 820 2126 Huius
850 2067 939 2144 igitur
969 2084 1060 2143 opus,
1090 2067 1122 2126 id
1149 2077 1194 2126 est

107 2185 243 2234 nostram
265 2174 441 2250 Odysseam‚
463 2184 526 2232 tum
549 2194 617 2233 curn
636 2177 798 2234 Nostorum
815 2193 935 2233 carmen
951 2185 1105 2233 caneretur
1120 2193 1193 2250 cog·

107 2282 206 2341 nitam
227 2280 298 2340 dicit
319 2279 422 2358 fuisse3
449 2299 505 2339 nec
526 2280 687 2339 Kirehholl
704 2279 735 2337 in
757 2299 793 2338 eo
816 2277 941 2338 offendit
961 2278 1055 2355 quod,
1070 2279 1194 2354 probata

106 2387 248 2448 Muelleri
269 2387 425 2464 sententia,
446 2388 571 2445 multum
589 2385 702 2446 recedit
723 2385 866 2445 terminus
887 2385 985 2462 priore
1007 2386 1076 2444 loco
1094 2403 1193 2461 reper-

107 2506 168 2554 tus.
191 2497 251 2571 (pg.
273 2501 354 2573 339).
377 2495 453 2553 Cum
475 2505 574 2552 tamen
596 2493 809 2570 Eugammonis
829 2492 881 2568 qui
897 2491 1003 2550 dicitur
1019 2490 1193 2568 Telegonia,

107 2605 152 2663 ab
173 2601 304 2662 Eusebio
326 2604 414 2660 LIIII
435 2601 606 2679 Olympiadi
628 2600 786 2677 adscripta,
811 2599 975 2660 secundum
995 2597 1094 2658 Procli
1109 2618 1194 2676 argu-

108 2719 247 2768 mentum
268 2728 328 2770 non
350 2720 482 2768 nostram
497 2708 664 2784 Odysseam
680 2708 733 2766 sed
747 2707 876 2783 priorem
892 2707 975 2765 illam
989 2705 1193 2765 recensionem

109 2813 303 2876 continuasse
325 2815 351 2874 ei
374 2815 516 2883 videatur,
538 2817 616 2873 hanc
638 2815 718 2874 circa
738 2817 763 2873 L
785 2814 1000 2892 Olympiadem
1021 2813 1102 2873 iuxta
1115 2813 1195 2872 illam

110 2923 144 2981 in
168 2943 219 2983 ore
240 2923 397 2982 hominum
419 2932 523 2982 censet
543 2920 642 2980 fuisse.

155 3029 290 3090 Tertium
333 3029 490 3088 terminum
526 3028 689 3087 Kirchhoff
727 3028 831 3088 statuit
871 3027 1060 3087 observando
1100 3027 1193 3087 libros

110 3161 139 3214 κ,
171 3162 190 3202 μ
219 3136 365 3194 nonnulla
385 3141 538 3195 momenta
558 3134 724 3194 imitatione
744 3146 876 3211 repetere
898 3153 935 3193 ex
956 3137 1195 3211 Argonautarum

109 3245 230 3302 sabula:
261 3243 367 3302 Circen
396 3242 479 3318 quasi
505 3243 626 3301 alteram
649 3242 800 3317 Medeam,
823 3245 963 3301 Planctas
985 3247 1015 3314 (μ
1039 3261 1054 3319 5
1060 3247 1100 3319 5),
1124 3244 1198 3300 Lae·

110 3363 277 3428 strygones‚
304 3351 418 3409 iontem
440 3348 592 3409 Artaciam
616 3348 697 3426 apud
722 3348 882 3425 Cyzicum:
906 3368 985 3424 quae
1007 3349 1072 3426 ipso
1097 3347 1197 3407 iudice

110 3459 165 3518 illa
186 3458 288 3517 fabula
309 3456 345 3516 iis
365 3458 440 3517 locis
462 3457 611 3516 collocata
628 3455 750 3514 demum
765 3456 933 3516 narratione
947 3456 1085 3534 accipere
1100 3455 1197 3533 potuit

112 3567 192 3625 Cum
216 3574 314 3624 autem
337 3564 418 3641 apud
438 3563 604 3624 Eusebium
626 3562 753 3638 Cyzicus
774 3563 897 3622 condita
919 3573 947 3623 e't
969 3565 1018 3625 Ol.
1039 3565 1084 3622 IV
1105 3572 1134 3620 et
1149 3563 1196 3621 Ol.

111 3673 220 3731 XXIV
253 3671 444 3745 adscribatur,
476 3671 640 3730 Kirchhoff
669 3670 743 3728 illud
765 3680 917 3747 tamquam
940 3681 1064 3748 coeptae
1086 3671 1145 3729 hoc
1167 3679 1198 3727 ut

113 3777 263 3839 stabilitae
279 3778 417 3838 coloniae
433 3777 682 3856 significationem
696 3776 855 3853 accipiens,
865 3776 947 3837 illam
958 3780 1197 3855 Argonautarum

113 3888 233 3946 fabulae
254 3889 381 3948 sormam
404 3889 450 3948 Ol.
473 3888 577 3946 XXIV
599 3885 751 3957 adscribit,
773 3885 916 3962 quodque
933 3884 1005 3943 inde
1027 3897 1198 3959 expressum

152 4145 175 4201 ι)
194 4141 270 4204 Quod
288 4141 401 4191 Eustatb.
421 4159 465 4206 pg.
485 4141 549 4203 1796
568 4157 598 4190 ex
616 4139 706 4189 Nostis
724 4145 855 4197 memorat,
877 4137 904 4185 id
921 4137 1026 4186 Proclus
1043 4133 1199 4198 'Pelagoniae

116 4223 223 4274 carmini
241 4223 340 4288 tribuit3
359 4223 398 4271 illi
416 4223 501 4287 potius
519 4223 594 4271 fidem
615 4219 760 4270 habendam
779 4227 866 4268 censet
883 4217 1020 4267 Kirchhoff
1035 4233 1078 4282 pg.
1097 4225 1155 4278 337.

1056 4332 1072 4392 3
