2928 4886
752 364 789 416 24

231 527 313 602 quod
350 525 382 583 in
422 525 481 582 fine
522 521 590 582 libri
630 525 651 597 (t
682 539 740 601 554
772 527 827 598 sq)
859 521 1007 580 indicatur
1038 520 1118 581 Iovis
1148 522 1312 582 consilinm

230 630 329 691 classis
360 629 482 691 Ulixeae
511 628 695 707 perdendae3
727 627 809 704 quod
831 627 917 688 Circe
939 631 966 702 (ν
990 628 1057 703 137)
1078 647 1161 687 soror
1185 630 1312 704 Aeetae,

232 737 309 798 Solis
340 738 400 796 filia
431 735 555 814 dicitur3
588 736 671 813 quod
702 735 734 794 in
765 735 842 806 libro
874 757 889 790 o
916 736 1066 810 Penelope
1090 734 1248 794 descendit
1269 737 1314 796 ad

232 863 340 922 procos
361 843 483 920 eiusque
504 842 543 900 ad
555 861 606 901 eos
616 843 722 914 oratio,
734 861 794 918 qua
809 860 920 902 novum
935 842 1155 902 matrimonium
1169 842 1314 902 inituram

232 969 262 1009 se
285 945 368 1026 dicit,
385 947 506 1008 Ulixem
527 945 637 1023 gaudio
660 946 749 1005 afficit
771 951 822 1024 (cf.
845 969 873 1026 p.
897 948 965 1029 97),
987 949 1069 1026 quod
1090 949 1193 1011 Ulixes
1213 977 1230 1006 τ
1249 971 1313 1028 390

231 1068 365 1116 metuens
399 1075 437 1115 ne
459 1075 477 1114 a
498 1053 557 1114 suis
580 1065 757 1132 agnoscatur
787 1053 817 1114 in
849 1056 989 1133 lavando,
1020 1055 1059 1115 ad
1090 1057 1168 1114 hanc
1188 1075 1251 1116 rem
1273 1077 1314 1116 ex

143 1154 146 1158 Δ
232 1162 348 1222 ancillis
388 1160 575 1239 potissimum
612 1161 691 1239 eligit
726 1161 895 1239 Eurycliam
927 1163 975 1221 cui
1006 1163 1062 1223 soli
1084 1162 1313 1224 familiarissime

232 1277 321 1330 notus
359 1279 404 1328 est
438 1273 476 1344 ι).
518 1271 637 1345 Pugnat
675 1287 742 1327 cum
782 1267 886 1327 ceteris
932 1268 1015 1345 quod
1046 1269 1077 1327 in
1110 1270 1168 1327 fine
1199 1267 1266 1329 libri
1296 1296 1314 1326 α

232 1377 316 1454 (385)
347 1376 545 1436 Telemachus
579 1374 687 1434 dicitur
719 1385 875 1451 expectare
897 1376 1012 1452 signum
1032 1393 1093 1452 quo
1116 1374 1187 1434 dato
1207 1375 1315 1436 Ulixes

231 1502 339 1560 procos
370 1499 556 1560 aggressurus
578 1481 630 1551 sit;
663 1500 722 1541 nec
752 1501 816 1541 non
843 1481 936 1541 verba
956 1481 1018 1541 eius
1040 1507 1056 1547 α
1081 1502 1135 1540 102
1159 1493 1226 1543 cett.
1248 1503 1314 1544 non

232 1601 400 1668 congruunt
421 1609 490 1648 cum
511 1586 679 1648 narratione
701 1607 879 1667 praegressa,
901 1607 960 1666 qua
981 1608 1042 1649 non
1064 1589 1174 1649 dicitur
1191 1591 1313 1652 novisse

232 1707 362 1756 mentem
395 1695 567 1772 Penelopes.
612 1697 687 1755 Sunt
717 1695 807 1754 etiam
839 1694 897 1754 alia
929 1697 1032 1774 multa,
1063 1715 1140 1772 quae
1161 1698 1220 1756 hoc
1241 1699 1314 1758 loco

232 1821 407 1863 enumerare
428 1801 619 1879 supersedeo

271 1913 324 1970 IV.
367 1909 397 1970 Si
424 1927 485 1968 uno
514 1907 641 1968 consilio
664 1908 800 1985 Odyssea
821 1909 972 1968 elaborata
992 1918 1078 1984 esset,
1099 1928 1178 1968 unus
1198 1910 1312 1986 ubique

231 2035 329 2076 rerum
360 2016 590 2077 domesticarum
617 2017 700 2075 color
722 2015 871 2092 expectari
893 2016 1016 2075 deberet
1022 2037 1031 2090 ;
1052 2034 1141 2092 quem
1162 2015 1312 2076 interdum

233 2123 393 2184 desiderari
415 2142 474 2182 uno
496 2122 688 2198 probabimus
706 2124 852 2199 exemplo.
867 2125 1066 2184 Telemachus
1080 2148 1095 2196 ρ
1111 2145 1149 2201 3ο
1164 2126 1313 2202 lapideum

232 2230 324 2290 limen
355 2230 581 2307 transgreditur;
613 2254 628 2285 υ
664 2232 721 2309 258
746 2257 763 2296 φ
788 2233 826 2290 88
849 2232 939 2308 aliud,
962 2232 1016 2292 sed
1037 2242 1137 2293 tamen
1159 2233 1312 2310 lapideum

231 2337 325 2397 limen
354 2347 551 2415 memoratum
584 2348 614 2396 at
645 2360 660 2409 ρ
695 2358 754 2415 339
784 2337 864 2398 idern
889 2339 982 2398 limen
1008 2340 1091 2416 quod
1113 2341 1314 2400 Telemachus

232 2455 427 2523 transgressus
459 2456 503 2504 est
533 2448 707 2520 fraxineum
739 2457 864 2506 vocatur
895 2458 925 2506 et
953 2449 1099 2506 thalamus
1120 2465 1209 2522 quem
1230 2471 1248 2511 φ
1273 2466 1312 2522 43

232 2553 381 2628 Penelope
411 2551 577 2629 ingreditur
608 2573 750 2630 quernum
781 2551 870 2612 limen
896 2553 993 2612 habet.
1036 2555 1139 2629 Itaque
1164 2552 1315 2627 antiquior

232 2657 314 2718 iuxta
345 2660 540 2718 recentiorem
573 2656 727 2718 materiam
758 2659 789 2718 in
822 2658 1015 2719 aedificandis
1036 2657 1177 2719 domibus
1200 2678 1313 2718 merno-

232 2775 296 2824 rata
319 2775 486 2842 temporum
509 2765 710 2826 diversitatem
731 2765 859 2825 ostendit
882 2771 920 2840 α).

272 2873 310 2929 V.
353 2873 482 2931 Multum
524 2872 616 2932 etiam
656 2874 759 2932 obstat
790 2872 950 2949 quominus
982 2892 1050 2932 cum
1081 2873 1316 2934 Friedlaendero

234 2977 469 3054 consentiamus,
502 2979 585 3054 quod
610 2998 801 3056 nequaquam
821 2979 852 3037 in
875 2988 939 3039 toto
962 2979 1092 3038 carmine
1115 2980 1221 3040 eadem
1244 2980 1317 3040 artis

233 3095 284 3144 aut
314 3085 413 3162 potius
443 3099 566 3146 naturae
600 3086 791 3161 Homericae,
824 3103 900 3164 quae
931 3086 1015 3145 omni
1037 3096 1098 3146 arte
1119 3071 1318 3164 praestantior

234 3203 288 3267 est,
318 3193 463 3270 perfectio
495 3195 589 3254 adest.
632 3197 710 3254 Nam
744 3213 814 3253 cum
848 3193 983 3270 singulae
1005 3193 1188 3254 narrationes
1208 3193 1316 3255 merito

234 3299 488 3376 praeclarissimae
530 3301 749 3376 praedicantur,
790 3299 929 3359 transitus
970 3301 1010 3359 ad
1042 3300 1194 3377 sequentia
1226 3320 1316 3377 saepe

234 3404 387 3465 minimam
427 3416 477 3467 aut
513 3410 624 3467 nullam
665 3407 813 3484 poeticam
854 3405 991 3466 virtutem
1032 3408 1154 3468 habent.
1205 3405 1318 3483 Qualia

269 3603 292 3658 Ι)
313 3597 400 3647 Schol.
421 3599 473 3646 MV
492 3600 524 3648 ad
543 3619 559 3648 τ
580 3599 629 3662 346
648 3600 674 3648 εἰ
692 3602 730 3664 μή
747 3616 786 3655 τις
800 3601 885 3665 γρηῦς
895 3597 963 3665 ἔστι]
975 3600 1150 3651 ἀθετοῦνταν
1165 3602 1189 3650 αἱ
1202 3610 1315 3669 τρεῖς..

233 3679 276 3730 ὅτι
307 3679 431 3746 αἱρεῖται
461 3685 514 3748 τὴν
543 3683 699 3746 δυναμένην
725 3682 881 3745 ἐπιγνῶναι.
918 3683 996 3732 Recte
1014 3684 1188 3751 observatum3
1207 3693 1318 3733 ceterum

231 3763 264 3812 τὸ
284 3763 406 3813 ἀθετεῖν
425 3764 620 3828 compositionis
640 3762 814 3811 emendandae
833 3780 924 3812 causae
942 3765 1054 3830 antiquis
1072 3764 1252 3830 relinquamus,

268 3849 293 3906 2)
314 3845 345 3894 ci.
366 3845 482 3909 Helbig,
501 3845 547 3892 das
570 3845 648 3894 Hom.
667 3844 754 3907 Epos²
774 3861 818 3908 pg.
842 3858 886 3894 111
908 3862 933 3895 n.
954 3859 969 3909 3
989 3846 1047 3904 ,die
1064 3845 1245 3894 verschiedene
1263 3847 1317 3894 An-

232 3927 298 3990 gabe
328 3925 373 3973 des
400 3924 531 3972 Materials
560 3924 644 3973 liefert
671 3925 747 3972 einen
777 3923 923 3973 deutlichen
949 3925 1049 3976 Beweis
1080 3925 1161 3987 datiir,
1187 3926 1246 3974 dass
1275 3926 1317 3974 die

231 4006 338 4054 Dichter
365 4022 415 4055 von
434 4005 493 4052 dem
512 4005 598 4053 llause
617 4005 662 4053 des
680 4003 810 4068 Odysseus
828 4005 885 4053 eine
903 4021 959 4055 zum
978 4006 1122 4054 mindesten
1139 4005 1166 4052 in
1184 4005 1318 4072 manchen,

231 4086 409 4136 Einzelheiten
429 4085 611 4135 verschiedene
631 4085 801 4148 Vorstellung
819 4084 915 4134 hatten.
943 4086 1014 4135 Idem
1033 4085 1211 4134 animadvertit
1228 4085 1311 4135 Seeck

234 4167 345 4230 Quellen
364 4167 409 4215 der
427 4165 551 4232 Odyssee.
