2928 4886
148 985 414 1046 PRAECIPUAE
434 987 741 1049 RECENTIORUM
763 991 819 1048 DE
841 991 1150 1055 COMPOSITIONE

299 1093 510 1154 ODYSSEAE
534 1095 755 1155 OPINIONES
780 1098 1008 1159 EXPOSITAE

472 1205 527 1261 ET
549 1203 836 1264 DIIUDICATAE.

155 1545 231 1604 Cum
254 1545 292 1603 ab
314 1543 398 1602 initio
418 1542 489 1602 inde
504 1544 669 1603 studiorum
685 1541 756 1601 milri
772 1545 900 1620 quoque'
909 1554 940 1601 ut
956 1544 1055 1605 multis
1071 1541 1192 1624 τεμάχη

109 1647 179 1708 τῶν
219 1642 358 1723 Ὀμήρου
393 1640 542 1722 μεγάλων
579 1641 721 1706 δείπνων
762 1661 892 1710 mentem
921 1651 1059 1728 aluerint,
1088 1653 1192 1713 disser-

109 1757 234 1818 tationis
254 1756 434 1817 scribendae
457 1776 578 1817 munere
594 1759 748 1815 functurus
762 1768 921 1816 statueram
936 1757 966 1816 in
982 1758 1090 1819 eodem
1106 1780 1191 1838 argu·

110 1875 216 1924 mento
244 1865 413 1937 elaborare3
444 1883 506 1923 non
526 1865 608 1942 quod
630 1865 740 1923 fruetus
762 1865 927 1925 studiorum
950 1867 1102 1928 uberiores
1116 1869 1193 1929 vires

111 1991 209 2047 meae,
224 1970 362 2030 materiae
377 1970 568 2030 difficillimae
578 1970 716 2048 impares,
737 1981 893 2047 expectare
904 1972 1043 2044 sinerent,
1056 1974 1111 2034 sed
1122 1976 1194 2050 quia

109 2077 212 2139 studia
231 2077 296 2154 ipsa
316 2077 346 2135 in
370 2077 540 2137 Homericis
561 2076 741 2137 carminibus
762 2079 911 2139 collocata
934 2081 1019 2140 utilia
1041 2080 1112 2140 mihi
1130 2084 1193 2143 fore

109 2186 335 2262 intellegebam.
359 2187 464 2261 Itaque
487 2185 524 2243 ad
539 2184 742 2261 quaestionem
757 2186 794 2244 de
810 2186 1029 2262 compositione
1041 2188 1192 2266 Odysseae

110 2312 164 2352 me
184 2292 305 2364 contuli,
327 2291 358 2350 in
380 2309 439 2367 qua
459 2290 586 2350 maxime
607 2291 787 2362 recentiores
808 2291 886 2351 viros
904 2293 1012 2354 doctos
1027 2307 1193 2372 occupatos

109 2398 263 2458 videbam.
288 2399 423 2474 Quorum
445 2397 527 2456 libris
549 2395 707 2474 diligenter
728 2398 866 2474 perlectis
888 2400 963 2459 nihil
978 2401 1104 2478 amplius
1119 2401 1192 2461 mihi

108 2505 256 2584 proposui
293 2504 349 2564 nisi
386 2503 513 2582 cognitis
546 2524 648 2565 eorum
681 2505 832 2564 sententiis
870 2508 1023 2583 explorare
1059 2507 1193 2586 etquid

108 2614 246 2690 singulae
278 2611 348 2670 huic
369 2611 538 2688 quaestioni
559 2611 774 2671 diiudicandae
795 2612 974 2688 profuissent
995 2619 1023 2672 et
1046 2625 1193 2692 quatenus

108 2720 190 2779 inter
211 2739 241 2778 se
263 2718 404 2796 coniungi
426 2728 555 2795 possent.
595 2719 653 2778 Sed
673 2718 706 2777 in
728 2737 836 2796 magna
857 2717 945 2794 copia
965 2718 1141 2795 scriptorum
1164 2730 1194 2780 et

109 2826 224 2886 utilitas
255 2837 284 2885 et
315 2837 431 2902 tempus
462 2846 508 2884 me
532 2824 700 2899 admonuit,
723 2836 755 2885 ut
776 2845 838 2885 non
861 2845 966 2885 omnes
987 2835 1143 2886 tractarem
1165 2839 1194 2887 et

110 2945 228 2997 certum
252 2935 402 3011 quendam
424 2935 496 2994 mihi
518 2935 581 3011 ipse
603 2935 761 2993 terminum
782 2953 934 3011 ponerem.
975 2937 1078 3010 Itaque
1100 2934 1193 3012 scrip·

109 3054 195 3102 turus
218 3062 283 3101 sum
306 3044 345 3101 de
368 3062 470 3101 eorum
492 3040 645 3101 sententiis
659 3040 710 3118 qui
724 3039 876 3118 praecipui
890 3040 959 3100 inde
974 3061 992 3099 a
1006 3040 1194 3102 Kirehhoffio

111 3168 208 3227 usque
229 3151 267 3208 ad
288 3149 443 3209 Seeckium
466 3147 505 3207 de
527 3148 744 3224 compositione
768 3148 919 3225 Odysseae
940 3147 1131 3225 scripserunt.

155 3253 396 3330 Disputationem
429 3274 511 3313 suam
547 3254 585 3313 de
620 3253 777 3330 prooemio
811 3252 962 3329 Odysseae
993 3255 1091 3329 deque
1116 3255 1194 3315 vitiis

111 3381 192 3440 quae
223 3360 431 3421 Telemachiae
462 3361 592 3420 carmine
624 3380 694 3419 cum
726 3359 893 3436 antiquiore
925 3360 1022 3420 Ulixis
1043 3361 1194 3442 redeuntis

112 3468 282 3528 narratione
296 3469 448 3545 iungendo
464 3459 553 3544 po'eta
568 3467 754 3531 committere
766 3467 870 3528 debuit
880 3502 921 3514 -
931 3489 1020 3546 quam
1035 3489 1098 3530 non
1110 3471 1194 3530 omni

112 3595 149 3634 ex
183 3585 264 3651 parte
297 3576 428 3635 refellere
460 3576 557 3652 potuit
588 3575 632 3634 vir
654 3575 774 3635 doctiss.
818 3576 909 3635 Lehrs
931 3575 962 3635 iu
983 3576 1058 3636 libro
1081 3597 1134 3637 suo
1157 3578 1194 3637 de

110 3681 274 3742 Aristarchi
306 3681 409 3742 studiis
443 3681 628 3754 Homericis²
665 3701 713 3759 pg.
746 3703 806 3760 419
837 3701 901 3760 sqq.
929 3717 966 3728 —-
987 3682 1070 3742 hisce
1097 3683 1195 3746 verbis

109 3791 134 3863 J.
158 3789 277 3848 Beklrer
299 3789 465 3848 conclusit:
480 3793 509 3863 r)

151 3895 211 3968 „us
244 3897 350 3955 stiinde
380 3896 517 3955 sehlimm
549 3916 599 3955 um
632 3895 849 3956 Griechischen
885 3897 968 3958 Geist
1001 3899 1061 3956 und
1083 3899 1196 3976 Ruhm‚

112 4021 197 4061 wenn
230 4003 309 4061 wahr
337 4010 414 4062 ware
437 4022 496 4061 was
517 4005 596 4062 noch
617 4002 666 4062 die
688 4005 906 4080 Prolegomena
929 4003 1045 4085 [Wolfii
1069 4003 1195 4086 scilicet]

151 4197 172 4252 ι)
192 4193 268 4244 Hom.
286 4193 383 4244 Blatter
399 4195 411 4242 1
429 4211 455 4259 p.
476 4203 529 4258 107.
