2804 5518
761 322 819 376 104

241 489 381 554 δίκασαν
407 491 463 554 καῖ
485 485 626 561 Παλλὰς
650 483 813 571 Ἀθήνη),
838 501 906 542 cum
927 481 965 541 de
980 491 1074 541 morte
1089 477 1286 560 Agamemnonis

239 614 340 654 versus
370 600 386 650 l
414 610 553 670 423-25
577 594 758 652 subobscure
780 593 907 651 referant
929 590 1024 667 (quod
1045 590 1159 667 saepius
1177 589 1288 648 accidere

216 745 219 752 Δ
241 703 387 779 yidemus,
406 701 545 776 quotiens
565 698 741 775 antiquioris
762 698 900 758 carminis
922 697 1067 758 memoria
1088 700 1201 771 subest),
1220 695 1288 754 Wila-

240 807 358 867 mowitz
389 807 492 866 harum
525 807 650 883 partium
674 805 788 866 fontem
810 805 885 865 dicit
906 805 980 864 fnise
1001 805 1124 864 Iliadem
1146 825 1250 883 parvam
1269 814 1292 862 et

241 932 313 990 epos
333 913 486 998 quoddam
508 913 599 990 quod
614 913 802 1000 Ἀτρειδῶν
831 916 977 981 κάθοδον
993 914 1122 990 appellat
1133 913 1294 992 Athenaeum

239 1021 346 1081 iniuria
376 1040 394 1078 a
426 1022 579 1080 Welckero
613 1039 674 1080 non
704 1019 877 1079 distinctum
898 1040 916 1079 a
937 1021 1099 1080 Nostorum
1120 1018 1247 1079 carmine.
1265 1051 1295 1061 -

240 1131 287 1188 De
319 1129 377 1186 fine
402 1125 470 1184 libri
499 1126 570 1185 aab
592 1125 765 1186 Aristarcho
787 1124 930 1186 damnato
954 1125 1150 1186 Wilamowitz
1169 1125 1298 1203 praeclare

241 1234 372 1297 ostendit
390 1241 443 1279 '-
473 1233 505 1292 in
537 1252 598 1310 quo
631 1232 721 1292 ceteri
754 1251 822 1292 eum
847 1231 939 1291 secuti
960 1241 1026 1291 sunt
1047 1267 1088 1277 —
1109 1234 1184 1292 hanc
1204 1239 1298 1308 partem

240 1340 439 1417 Orphicorum
470 1352 569 1400 sectae
601 1339 714 1414 deberi,
748 1339 855 1417 quibus
888 1338 977 1399 etiam
1009 1339 1085 1400 alios
1119 1339 1257 1418 quosdam
1276 1335 1302 1395 in

241 1449 375 1526 Odyssea
404 1448 488 1508 locos
519 1446 650 1507 attribuit
678 1466 727 1524 pp.
754 1448 809 1524 169
831 1465 862 1506 n.
884 1448 912 1520 6,
935 1457 967 1505 ut
988 1447 1193 1526 genealogiam
1213 1449 1302 1505 Aretes

241 1559 270 1631 (η
290 1558 327 1633 56
346 1554 441 1635 cett),
462 1555 644 1616 mentionem
667 1554 854 1614 Marathonis
875 1559 904 1630 (η
923 1557 985 1631 80).

281 1663 366 1722 VIII.
400 1665 552 1721 Postremo
574 1661 674 1738 capite
699 1660 795 1738 agitur
814 1661 852 1720 de
874 1659 1045 1739 regionibns
1067 1659 1241 1734 indicandis,
1254 1656 1307 1736 qui·

240 1770 296 1829 bus
327 1788 440 1828 errores
462 1767 557 1829 Ulixis
585 1779 693 1845 poetae
716 1767 887 1828 definierint
938 1767 1113 1828 Ostenditur
1135 1767 1308 1844 distinguen-

241 1873 314 1933 dum
345 1893 409 1934 esse
430 1873 507 1934 inter
527 1872 686 1933 consilium
708 1872 921 1951 diasceuastae,
945 1873 1135 1933 occidentem
1157 1871 1310 1955 (Scheriam

240 1981 258 2040 i.
293 2000 317 2040 e.
351 1981 524 2057 Corcyram,
555 1979 697 2055 Siciliam)
731 1979 789 2039 illis
821 1979 969 2040 erroribus
989 1979 1156 2058 tribuentis,
1185 1977 1312 2045 millius,

241 2086 293 2165 qni
325 2105 445 2146 carmen
477 2095 546 2150 e—t
575 2085 785 2163 composuerit,
814 2085 902 2146 maris
927 2086 1035 2146 Euxini
1056 2086 1146 2147 litora
1171 2090 1316 2164 (Aeaeam,
1375 2128 1376 2166 ,

241 2192 407 2268 Artaciam)
440 2194 542 2252 locum
573 2193 692 2252 fabulae
724 2192 893 2263 statuentis;
919 2213 990 2252 cum
1015 2193 1166 2270 antiquior
1186 2196 1265 2252 fama
1283 2190 1317 2249 de
1376 2230 1377 2262 ,

240 2301 329 2362 Ulixe
354 2320 407 2378 per
428 2301 630 2361 continentem
649 2301 807 2361 Thraciam
823 2301 851 2359 in
867 2300 1087 2378 Thesprotiam,
1101 2301 1177 2361 inde
1192 2301 1321 2360 Ithacam

239 2411 374 2484 profecto
401 2407 502 2487 fuerit,
531 2408 614 2468 cuius
637 2411 734 2468 famae
757 2407 880 2486 vestigia
900 2407 931 2467 in
955 2406 1020 2466 aliis
1042 2406 1227 2466 carminibus
1248 2425 1321 2483 repe·

241 2514 362 2574 riantur.
406 2514 466 2574 Sed
497 2515 612 2575 omissis
643 2514 700 2591 his,
732 2533 809 2591 qnae
832 2533 894 2574 non
918 2514 1044 2574 multum
1065 2515 1171 2574 valent
1194 2515 1235 2574 ad
1255 2511 1326 2573 iudi·

241 2621 321 2681 cium
364 2622 402 2681 de
447 2623 695 2699 compositionem
730 2623 884 2699 Odysseae
916 2622 1081 2696 ferendum,
1114 2625 1326 2700 perlustremns

241 2728 370 2787 breviter
404 2729 622 2807 expositionem
645 2729 734 2790 totius
757 2729 922 2789 sententiae
943 2747 1033 2804 qnam
1054 2728 1260 2790 Wilamowitx
1281 2749 1328 2806 pp.

243 2852 299 2909 ²²7
324 2845 393 2894 cett.
415 2835 493 2896 fecit.
542 2836 708 2912 Odysseam
732 2834 814 2911 dicit,
835 2836 966 2912 exceptis
988 2836 1146 2897 nonnullis
1169 2836 1330 2915 interpola·

241 2941 384 3012 tionibus,
415 2963 433 3002 a
464 2943 650 3004 diasceuasta
683 2951 834 3019 tamquam
868 2960 960 3003 unum
985 2961 1104 3002 carmen
1130 2943 1332 3022 compilatum

241 3067 305 3108 esse
336 3068 372 3108 ex
402 3047 494 3108 tribus
515 3049 706 3125 carminibus,
728 3050 837 3110 additis
859 3050 966 3110 suturis
987 3052 1089 3136 quales
1111 3063 1188 3112 sunt
1208 3051 1289 3114 liber
1307 3075 1334 3126 α,

241 3155 307 3215 finis
328 3154 394 3215 libri
412 3165 441 3224 δ,
462 3156 578 3216 initium
602 3157 744 3218 librorum
765 3183 778 3214 c
798 3167 828 3218 et
846 3187 870 3234 o,
892 3160 1003 3221 libero
1022 3169 1093 3219 cett.
1123 3163 1255 3221 Horum
1274 3181 1337 3220 car-

243 3261 356 3321 minum
377 3262 611 3324 recentissimum
634 3267 704 3340 (III)
726 3264 778 3342 qui
801 3265 972 3342 composuit
993 3266 1140 3344 cognovit
1163 3267 1297 3346 reliqua,
1316 3265 1340 3328 si

241 3368 498 3431 Wilamowitzium
539 3372 692 3447 audimus;
727 3372 800 3432 nihil
832 3373 888 3432 nisi
920 3373 1045 3432 caedem
1078 3393 1257 3449 procorum
1290 3375 1340 3435 ille

240 3477 385 3538 cecinisse
416 3479 443 3539 ei
476 3479 604 3541 videtur:
637 3479 709 3541 inde
741 3479 831 3540 libros
850 3507 868 3548 φ
888 3497 982 3557 usque
1007 3478 1045 3539 ad
1064 3505 1083 3536 o
1102 3479 1137 3539 in
1164 3483 1344 3561 Odysseam

240 3597 382 3661 exceptos
413 3607 477 3647 esse
508 3587 590 3648 dicit.
643 3587 779 3663 Sequitur
809 3585 976 3646 secundum
1009 3587 1161 3663 temporis
1197 3591 1343 3651 ordinem

240 3693 433 3754 Telemachia
463 3698 525 3773 (II),
550 3712 627 3774 quae
648 3692 720 3754 olim
743 3704 883 3770 perpetua
904 3692 1072 3753 narratione
1097 3696 1297 3759 continuata
1318 3700 1346 3760 ei

240 3799 357 3859 videtur
388 3819 452 3860 esse
484 3821 542 3860 nec
575 3800 606 3859 in
632 3801 705 3859 duas
727 3808 827 3877 partes
848 3807 893 3884 τῷ
918 3804 1040 3888 Νόστῳ
1062 3799 1186 3882 divisa3
1211 3807 1347 3869 adeam

241 3907 410 3967 referendos
431 3927 494 3968 esse
516 3908 669 3985 Odysseae
690 3907 786 3968 libros
803 3917 824 3976 st
843 3928 936 3985 usque
957 3910 996 3969 ad
1014 3915 1033 3964 ο·
1053 3918 1082 3968 et
1101 3936 1115 3966 ο
1135 3929 1247 3993 usque
1264 3917 1307 3977 ad
1321 3942 1348 3986 v,

240 4014 282 4073 ita
303 4025 403 4074 tamen
425 4026 457 4074 ut
478 4015 573 4074 maior
594 4035 662 4092 pars
682 4017 788 4074 horum
812 4017 954 4077 librorum
976 4019 1073 4091 (ο-τ)
1096 4015 1168 4080 iam
1195 4025 1349 4104 antiquis·

242 4118 308 4179 simi
342 4120 482 4180 carminis
516 4122 650 4180 membra
682 4120 798 4182 fuerint.
840 4121 1086 4200 Antiquissimum
1125 4139 1246 4193 autem
1273 4133 1352 4194 illud
