2928 4886
803 402 820 453 4

267 563 372 626 Ulixes
392 559 585 641 proficiscitur
609 570 637 619 et
657 570 815 636 postquam
838 557 902 618 dies
923 568 1088 634 noctesque
1110 560 1198 618 XVII
1220 557 1354 635 vigilans

268 670 427 750 navigavit,
450 668 570 729 decimo
594 677 701 727 octavo
722 664 872 726 Scheriam
895 664 1052 742 conspicit.
1091 665 1151 724 Sed
1179 667 1357 742 NeptunuS,

268 797 329 858 quo
350 777 430 854 apud
453 775 617 851 Aethiopes
638 783 774 833 morante
797 772 966 832 iudeorum
982 771 1114 832 concilio
1129 771 1225 833 Ulixis
1236 771 1356 832 reditus

268 885 439 962 impetratus
471 893 541 951 erat,
567 899 634 940 cum
656 892 806 942 revertens
827 898 912 939 sunm
934 879 1091 939 inimicum
1114 880 1356 956 conspicaretur,

266 1001 471 1069 tempestatem
510 1002 627 1066 movet3
664 988 813 1048 laboranti
848 985 928 1046 heroi
963 989 1137 1047 Leucothea
1172 1006 1353 1048 succurrens

268 1101 373 1159 suadet
395 1109 426 1157 ut
448 1097 616 1183 κρηδέμνῳ
649 1097 687 1155 ab
718 1095 783 1172 ipsa
814 1094 871 1154 sibi
904 1095 976 1154 dato
1008 1115 1038 1154 se
1068 1094 1169 1172 cingat
1194 1106 1223 1154 et
1245 1095 1355 1156 nando

269 1206 419 1266 Scheriam
451 1215 540 1282 petat.
583 1203 676 1263 Cuius
708 1213 808 1262 tamen
843 1202 894 1261 ille
923 1202 1049 1264 consilio
1071 1203 1159 1261 satius
1181 1213 1264 1279 putat
1287 1222 1355 1262 non

268 1313 403 1391 protinus
434 1313 648 1387 obtemperare.
691 1310 829 1369 Tandem
860 1329 931 1370 vero
964 1309 1035 1369 elisa
1066 1320 1127 1369 rate
1161 1309 1251 1368 utitur
1272 1309 1355 1370 deae

269 1439 401 1493 munere,
420 1439 481 1496 quo
503 1428 651 1478 sustentus
673 1417 774 1477 nando
795 1420 919 1478 salutern
940 1428 1069 1492 quaerat.
1109 1418 1167 1477 Sed
1190 1426 1353 1493 postquam

269 1527 299 1586 in
321 1527 399 1586 vitae
421 1525 587 1584 adductum
609 1523 768 1583 discrimen
789 1526 946 1601 Neptunus
969 1521 1096 1598 reliquit,
1111 1525 1256 1582 Minerua
1270 1528 1358 1583 mari

269 1635 371 1692 sedato
396 1632 517 1692 Ulixem
539 1641 607 1707 post
629 1630 705 1689 duos
727 1629 791 1689 dies
813 1649 866 1706 per
886 1631 1025 1706 scopulos
1046 1628 1170 1706 periculi
1191 1633 1297 1706 plenos
1319 1630 1353 1689 in

270 1751 375 1799 terram
392 1739 536 1815 perlatum
551 1756 659 1796 somno
671 1736 785 1813 mergit.
807 1737 1026 1816 Expergiscitur
1036 1738 1217 1798 clamoribus
1228 1739 1354 1798 sublatis

270 1866 288 1904 a
309 1845 482 1915 Nausicaae,
505 1843 580 1921 regis
601 1845 771 1903 Phaeacum
793 1843 880 1917 tiliae,
903 1845 1028 1916 ancillis,
1051 1866 1100 1904 nee
1117 1848 1172 1905 scit
1186 1847 1236 1903 ubi
1249 1853 1354 1903 terra-

271 1974 338 2012 rum
369 1955 410 2011 sit
461 1955 487 2009 A
518 1950 674 2023 Nausicaa,
703 1950 821 2028 egregia
842 1951 896 2009 viri
920 1952 1015 2010 forma
1037 1964 1197 2024 commota,
1219 1950 1352 2028 benigne

271 2057 431 2135 excipitur3
463 2075 540 2134 quae
565 2060 699 2116 aratione
716 2060 846 2133 prolixa
867 2059 967 2117 urbem
993 2059 1156 2117 Phaeacum
1183 2060 1353 2118 describens

272 2165 298 2224 ei
329 2164 443 2230 suadet,
476 2176 506 2221 ut
537 2162 569 2221 in
602 2164 671 2221 luco
705 2162 860 2222 Minervae
892 2173 1027 2240 expectet
1058 2165 1158 2224 donec
1188 2165 1254 2241 ipsa
1280 2183 1351 2224 cum

272 2271 386 2330 ancillis
418 2271 540 2329 domum
573 2269 702 2347 venerit3
731 2281 793 2328 tum
826 2271 930 2329 urbem
958 2269 1107 2348 ingressus
1131 2269 1262 2336 Alcinoi.
1295 2292 1352 2347 pa-

272 2378 324 2438 tris
361 2376 420 2445 sui,
457 2377 580 2436 domum
617 2387 697 2453 petat
729 2376 806 2435 inter
836 2397 942 2436 omnes
977 2377 1188 2453 conspicuam
1225 2389 1351 2437 matrem

272 2491 381 2544 Areten
417 2483 560 2560 imprimis
592 2482 648 2541 sibi
686 2481 827 2542 conciliet
862 2502 921 2558 qna
957 2484 1074 2543 favente
1111 2505 1129 2542 a
1164 2485 1353 2544 Phaeacibus

271 2591 428 2650 reducatur
462 2591 493 2648 in
528 2589 662 2666 patriam.
710 2592 856 2666 Regressa
891 2589 1043 2649 Nausicaa
1075 2590 1179 2652 Ulixes
1213 2591 1243 2649 in
1280 2593 1353 2652 luco

271 2697 427 2756 Minervae
456 2699 518 2756 sole
541 2695 700 2755 occidente
723 2696 798 2755 deae
821 2697 978 2773 supplicat,
1000 2716 1075 2774 qum
1095 2708 1193 2756 tamen
1214 2700 1356 2773 Neptuni

271 2809 368 2866 verita
399 2808 477 2863 iram
510 2804 635 2862 nondum
662 2805 804 2879 precanti
831 2823 861 2861 se
892 2805 993 2878 offert.
1041 2805 1149 2864 Urbem
1181 2811 1275 2862 autem
1303 2806 1352 2862 in-

267 2931 374 2987 gressu
405 2911 537 2968 nebulam
571 2911 750 2984 circumdat,
788 2928 823 2966 ne
857 2929 876 2967 a
912 2911 1097 2968 Phaeacibus
1129 2911 1355 2986 inhospitalitas
1449 2941 1450 2980 t

271 3019 430 3088 laetatum
454 3037 522 3075 rrrax
542 3036 613 3075 uero
633 3018 685 3074 sub
705 3019 798 3092 speeie
818 3018 950 3090 uirginis
969 3018 1069 3076 ablata
1090 3017 1129 3074 ad
1147 3015 1264 3075 Alcinoi
1281 3033 1352 3076 eum

272 3123 353 3183 ducit
384 3124 472 3183 aedes
504 3134 664 3197 monetque
696 3141 733 3180 ne
765 3138 853 3200 quern
884 3121 1051 3181 Phaeacum
1080 3123 1257 3196 alloquatur,
1278 3143 1355 3198 queas

271 3234 433 3309 hospitibus
459 3233 532 3290 dicit
558 3250 615 3288 nun
630 3231 753 3306 favere,
776 3231 874 3288 eadem
896 3250 1032 3288 narrans
1053 3229 1144 3287 cleiis
1165 3249 1239 3305 quae
1260 3240 1353 3288 antea

272 3342 440 3401 Nausicaa.
483 3336 653 3397 Monstratis
686 3347 785 3396 autem
819 3335 942 3395 aedibus
974 3335 1108 3395 Minerva
1130 3346 1288 3414 postquam
1310 3335 1353 3395 de

271 3464 379 3522 genere
402 3443 523 3504 Alcinoi
545 3455 575 3503 et
597 3448 701 3502 Aretes
725 3443 835 3515 uxoris,
856 3463 943 3519 quam
965 3445 1111 3519 imprimis
1131 3463 1186 3502 sua
1204 3446 1351 3519 supplica-

271 3556 350 3612 tione
364 3553 461 3626 adeat,
475 3551 593 3611 Ulixem
609 3550 740 3618 edocuit,
755 3551 819 3609 abit
833 3550 1043 3609 Marathonem
1055 3569 1156 3609 versus
1166 3561 1195 3609 et
1207 3551 1351 3609 Athenas.

273 3659 442 3717 Paullulum
457 3656 487 3716 in
503 3656 594 3716 hortis
610 3655 731 3715 Alcinoi
747 3667 876 3714 moratus
891 3657 940 3714 ille
956 3656 1078 3716 domum
1090 3657 1178 3716 intrat
1189 3669 1352 3734 exutusque

272 3766 382 3824 nebula
412 3776 480 3824 ante
503 3764 593 3841 pedes
615 3766 720 3822 Aretes
741 3782 772 3821 se
795 3761 917 3840 proicit3
942 3763 973 3821 in
993 3763 1085 3824 fidem
1107 3763 1254 3841 recipitur,
1279 3764 1351 3825 cibo

272 3872 436 3931 adiuvatur.
462 3874 623 3949 Postquam
645 3869 752 3945 reliqui
774 3869 920 3928 convivae
936 3869 1002 3929 Iovi
1017 3871 1157 3947 hospitali
1172 3870 1350 3931 libaverunt.

272 3977 418 4037 Alcinous
449 3997 513 4037 cras
546 3997 577 4036 se
609 3975 742 4053 pluribus
774 3995 843 4034 curn
875 3977 1046 4052 proceribus
1074 3977 1183 4053 hospiti
1205 3978 1350 4036 honorem

273 4085 441 4144 habiturum
463 4084 561 4162 deque
584 4084 716 4161 parando
739 4083 802 4142 eius
823 4083 854 4141 in
869 4084 993 4160 patriam
1008 4086 1104 4144 reditu
1120 4085 1352 4145 deliberaturum

273 4191 359 4268 dicit3
393 4191 447 4250 nisi
474 4193 496 4250 si
519 4194 593 4251 sorte
615 4213 631 4250 e
653 4192 776 4250 deorum
798 4209 921 4251 numero
945 4191 981 4250 sit
1004 4193 1122 4269 hospes.
1165 4194 1257 4268 Quod
1280 4212 1351 4252 cum
