2928 4886
798 323 833 378 16

274 521 360 560 mane
391 497 592 575 querimonias
618 498 791 557 fundentem
813 499 896 573 quod
918 518 969 575 per
991 498 1141 558 somnium
1162 498 1226 576 ipse
1248 502 1380 562 Ulixes

272 608 353 668 iuxta
384 626 415 666 se
448 607 557 664 cubare
588 604 646 663 sibi
673 604 751 664 visus
773 605 820 678 sit,
841 605 923 663 audit
944 603 1047 664 Ulixes
1067 615 1278 682 experrectus3
1307 609 1377 667 cui

274 713 445 791 imploranti
477 712 602 771 deorum
635 711 777 770 auxilium
809 711 962 787 augurium
991 711 1129 788 precibus
1154 711 1216 771 eius
1239 733 1256 771 a
1280 717 1376 774 Iove

274 821 376 879 datum
413 819 579 896 proximum
611 837 770 894 procorum
804 816 954 876 interitum
988 816 1129 876 declarat.
1173 820 1254 877 Dum
1290 831 1377 880 orto

274 928 384 986 deinde
416 928 479 986 sole
511 925 599 984 aedes
621 929 696 983 testo
719 923 777 982 diei
802 923 919 1000 agendo
940 924 1132 997 instruuntur,
1163 927 1378 986 Telemachus

274 1037 309 1093 a'c
341 1041 481 1092 nocturno
512 1035 653 1108 colloquio
678 1052 741 1090 eum
763 1033 942 1090 narratione
962 1033 1035 1088 libri
1047 1032 1258 1107 praecedentis
1271 1046 1376 1110 pug-
1461 1106 1462 1123 ρ

275 1145 380 1200 nantia
398 1145 425 1214 1)
447 1137 555 1215 accipit
578 1140 616 1197 ab
638 1137 785 1214 Euryclia.
809 1138 863 1196 Illo
885 1137 925 1195 ad
946 1139 1043 1196 sorum
1061 1139 1197 1214 profecto
1213 1141 1376 1201 subulcus

276 1265 342 1307 sues
357 1247 405 1306 die
420 1249 496 1305 sesto
509 1246 681 1304 mactandas
693 1263 782 1321 agens
794 1246 899 1302 salutat
910 1243 1067 1319 hospitem,
1092 1244 1240 1320 caprarius
1252 1266 1376 1324 capras
1461 1306 1462 1319 ,

275 1354 366 1432 agens
387 1352 510 1418 lacessit,
544 1351 705 1411 Philoetius
727 1353 876 1410 bubulcus
898 1353 990 1410 boves
1011 1371 1100 1429 agens
1125 1355 1208 1427 regis
1231 1355 1374 1414 similem

275 1459 358 1538 dicit,
372 1461 401 1536 ι)
416 1471 445 1519 et
466 1461 504 1516 ab
526 1462 661 1517 Eumaeo
683 1457 745 1517 eius
768 1477 877 1518 nomen
900 1456 1027 1535 exquirit
1050 1458 1104 1517 sed
1126 1479 1271 1536 responso
1294 1482 1371 1522 non

275 1578 431 1644 expectato
459 1568 575 1626 Ulixem
597 1566 721 1624 obscura
750 1568 890 1624 oratione
910 1568 1074 1624 miseratur
1080 1584 1093 1637 ‚·
1114 1583 1173 1640 qua
1196 1586 1227 1625 re
1245 1569 1372 1646 hospiti

275 1673 395 1733 occasio
417 1673 504 1732 datur
524 1672 586 1730 iure
601 1671 727 1730 iurando
742 1671 910 1730 affirmandi
926 1671 1044 1731 Ulixem
1055 1672 1188 1732 bubulco
1201 1688 1368 1750 praesente

276 1782 445 1842 adiuturum
480 1779 563 1838 domi
586 1789 615 1838 et
637 1798 747 1855 procos
768 1778 947 1838 occisurum.
990 1780 1060 1854 Quo
1081 1779 1184 1839 audito
1207 1781 1369 1843 Eumaeus

275 1887 498 1961 Philoetiusque
519 1884 659 1944 auxilium
682 1903 766 1944 suum
788 1883 974 1960 promittunt.
1017 1887 1139 1944 Interea
1153 1891 1246 1963 proci
1274 1891 1308 1946 T
1305 1891 1366 1950 ele·

276 1996 377 2053 maclio
405 1995 561 2070 perniciem
592 2003 741 2051 struentes
770 1994 978 2051 absterreutur
1000 1996 1128 2068 augurio
1154 1996 1197 2070 3),
1229 1995 1365 2055 domum

276 2101 371 2161 Ulixis
408 2102 528 2173 intrant,
560 2097 724 2158 ministerio
757 2108 906 2175 pastorum
941 2098 980 2156 ad
1013 2118 1117 2158 cenam
1153 2101 1364 2176 apparandum

276 2216 405 2278 utuntur,
429 2213 568 2280 apparata
589 2203 730 2262 fruuntur.
756 2205 954 2264 Telemachus
975 2205 1025 2280 qui
1046 2205 1119 2281 quid
1134 2205 1166 2264 in
1182 2208 1247 2266 loro
1262 2210 1364 2286 egerit

277 2324 327 2372 aut
358 2311 479 2387 quando
511 2309 633 2368 redierit
654 2329 713 2368 non
736 2321 859 2387 apparet
880 2311 1021 2372 mendico
1043 2313 1143 2371 sedem
1166 2312 1246 2373 iuxta
1267 2318 1363 2375 lr'rnen

276 2421 424 2497 lapideam
446 2417 586 2494 assignat,
608 2416 728 2476 monitis
748 2417 848 2494 procis
859 2438 897 2478 ne
910 2439 978 2478 eum
989 2421 1124 2498 laedant3
1147 2421 1195 2480 cui
1207 2421 1364 2483 Antinous

278 2528 385 2587 invitus
406 2525 607 2602 morigeratur.
634 2559 670 2568 -
697 2527 825 2584 Hostiae
846 2547 865 2584 a
880 2529 1079 2603 praeconibus
1092 2539 1154 2604 per
1177 2531 1277 2587 urbem
1298 2532 1358 2590 du·

277 2644 403 2708 cuntur;
415 2636 585 2694 Ithaceuses
596 2636 626 2691 in
640 2636 734 2692 lucum
749 2637 896 2711 Apollinis
910 2655 940 2694 se
955 2638 1119 2704 conferunt.
1137 2639 1231 2696 Praei
1239 2647 1362 2713 parata

278 2763 347 2802 cena
378 2748 543 2818 fruantur:
575 2759 591 2798 e
622 2739 729 2817 quibus
761 2761 779 2798 a
811 2740 944 2799 Minerva
968 2740 1100 2799 incitatis
1123 2741 1281 2818 Ctesippus
1302 2763 1363 2820 per

279 2848 492 2908 contumeliam
523 2846 695 2906 mendicum
733 2867 817 2907 crure
848 2847 921 2924 petit
953 2846 1074 2906 bovino.
1118 2846 1199 2906 Huic
1229 2849 1365 2910 minatur

284 2957 471 3014 Telemachus
505 2959 712 3030 confusamque
732 2957 942 3031 querimoniam
964 2955 1093 3030 effundit
1100 2975 1109 3028 3
1125 2959 1155 3028 4)
1178 2955 1227 3015 cui
1248 2975 1365 3017 conce-

316 3175 338 3238 1)
357 3193 373 3224 u
396 3188 443 3238 134
459 3191 496 3240 sq.
525 3168 599 3226 οἶνον
624 3169 673 3234 μὲν
700 3175 751 3239 γὰρ
777 3172 853 3223 ἔπινε
883 3176 1040 3240 καθήμενος
1058 3169 1121 3246 Ιὄφρ’
1145 3171 1227 3224 tust’
1250 3173 1361 3238 αὐτός,

278 3259 357 3308 σι’του
384 3254 508 3307 δὀὐκὲτ’
540 3257 592 3324 ἔφη
618 3261 795 3323 πεινήμεναι·
823 3259 918 3324 sigero
936 3259 988 3324 reip
1007 3277 1063 3320 μιν.
1082 3255 1155 3306 Nihil
1173 3259 1223 3306 tale
1240 3267 1361 3308 narratur

280 3341 306 3388 in
325 3341 393 3389 libro
412 3362 436 3390 τ.
1015 3344 1017 3350 ’

315 3421 341 3483 2)
359 3439 375 3468 ιι
398 3437 452 3484 194.
481 3421 644 3490 δύσμορος]
669 3423 685 3487 ἠ
717 3441 748 3472 τε
778 3419 848 3471 ἔοικε
878 3421 966 3482 δέμας
985 3419 1100 3485 βασιλῆι
1127 3417 1224 3468 ἄνακτι
1249 3420 1360 3470 fortasse

279 3502 432 3565 legendum:
450 3501 571 3570 Ὀδυσῆι
593 3504 692 3555 ἄνακτι
712 3506 772 3553 coll.
790 3522 807 3552 ιι
826 3518 877 3564 204
895 3520 950 3569 sqq.

315 3583 339 3645 3)
357 3601 373 3631 v
392 3598 450 3648 243.
468 3587 562 3643 αἰετὸς
582 3585 729 3650 boenerii.
750 3583 798 3648 lgr
819 3583 850 3634 etri
869 3587 993 3651 τρήρωνα
1006 3584 1122 3634 πέλειαν
1149 3583 1233 3632 Nimis
1245 3582 1360 3631 breviter

278 3662 318 3711 his
337 3668 424 3729 paucis
442 3671 527 3718 verbis
545 3671 713 3734 significatum
731 3668 862 3732 augurium
881 3667 1041 3715 contrarium.

315 3749 340 3808 4)
359 3747 392 3798 cs.
411 3749 513 3798 Bekker
538 3751 616 3800 Hom.
644 3749 683 3798 Bl.
706 3749 718 3796 I
738 3764 782 3812 pg.
803 3760 864 3810 131:
891 3748 951 3810 „die
969 3748 1029 3796 rede
1047 3747 1093 3795 des
1110 3743 1288 3808 Telemachos,
1314 3745 1358 3794 die

280 3840 330 3890 304
356 3829 469 3893 ansangt„
497 3831 610 3879 schlbsse
637 3828 777 3877 schicklich
804 3828 849 3876 mit
877 3840 934 3890 310.
970 3829 1023 3876 Der
1049 3826 1166 3890 krtstige,
1192 3824 1278 3874 scharf
1301 3825 1357 3874 ein·

279 3909 450 3958 schneidende
474 3912 531 3960 Tou
556 3912 634 3972 der7
658 3917 742 3958 ersten
762 3909 842 3957 Verse
860 3909 919 3972 geht
936 3909 980 3957 mit
999 3920 1045 3972 311
1067 3906 1233 3956 unvermittelt
1251 3905 1278 3954 in
1298 3906 1358 3956 eine

278 3990 427 4039 weichliche
446 3993 585 4056 Ergebung
602 3993 670 4052 iiber,
690 3991 732 4039 die
751 3991 801 4038 den
820 4002 870 4052 320
887 3990 911 4039 ff.
929 3989 1118 4054 geschilderten
1136 3986 1268 4035 Eindruck
1285 3985 1358 4037 nicht

278 4068 478 4136 hervorbriugen
496 4074 566 4122 kann
583 4074 636 4122 und
655 4072 708 4121 sich
725 4071 843 4120 iiberdies
863 4070 978 4119 ziemlich
990 4085 1132 4118 verworren
1146 4066 1303 4131 ausspricht.
1315 4103 1321 4116 .
1333 4106 1357 4118 ..

279 4139 406 4219 Ubrigeus
424 4155 456 4204 ist
474 4171 489 4202 ιι
510 4166 558 4216 313
576 4154 619 4202 die
636 4153 737 4216 Ellipse
755 4152 818 4200 oder
835 4151 938 4216 Synesis
956 4167 989 4199 an
1016 4149 1062 4200 rial
1076 4153 1155 4200 alnon
1169 4147 1357 4199 wedertiblich
