2884 4880
568 435 622 492 117

61 596 165 657 :ionem
193 597 368 658 narrationis
390 618 466 676 quae
487 598 685 675 vituperanda
706 601 792 672 foret,
815 597 839 657 si
860 617 921 657 non
943 598 1043 675 potius
1064 601 1132 659 ficta

61 702 177 763 >mnino
200 703 330 763 dicenda
351 715 435 764 esset.
458 706 562 782 Itaque
577 723 652 782 quae
668 705 706 764 de
721 705 805 764 libris
819 713 836 774 ζ
854 731 872 778 η
891 705 1015 783 protulit
1028 706 1121 767 Seeck

61 811 140 870 robis
161 809 282 886 quidem
305 831 496 890 nequaquam
521 813 680 889 probanda
702 812 849 872 videntur.
938 866 940 870 .

93 917 298 976 Narrationem
331 937 408 993 quae
436 927 560 978 vocatur
592 922 755 1000 άπὸλογος
790 921 955 986 Ἀλκίνου
986 919 1131 978 uoniam

1124 753 1133 786 i

64 1044 82 1081 n
114 1025 210 1101 prisco
240 1025 369 1085 carmine
387 1023 498 1086 acum
522 1026 690 1085 Phaeacide
713 1025 905 1085 coniunctam
926 1027 1017 1086 fuisse
1038 1048 1073 1087 ex
1095 1048 1131 1088 eo

61 1150 192 1206 rpparere
223 1131 294 1190 dicit
322 1134 430 1210 Seeck,
461 1133 544 1208 quod
564 1152 663 1192 earum
690 1132 863 1192 coniunctio
887 1134 1018 1212 coegerit
1039 1155 1131 1194 unum

61 1233 131 1295 liem
160 1237 272 1297 addere
303 1239 347 1312 iis,
382 1259 435 1316 per
466 1258 541 1316 quos
573 1240 678 1300 Ulixes
711 1239 743 1298 in
765 1239 886 1298 Scheria
908 1252 1048 1314 versatur,
1071 1259 1131 1316 quo

63 1365 151 1404 amen
173 1345 300 1405 narratio
324 1346 396 1405 nihil
418 1347 636 1425 progrediatur3
661 1347 743 1423 quod
765 1347 824 1406 iarn
839 1347 980 1406 effectum
995 1346 1032 1406 sit
1042 1347 1132 1407 inter·

61 1453 153 1512 rositis
178 1460 191 1508 l
211 1455 371 1531 328-385
395 1465 424 1512 et
445 1453 529 1513 initio
551 1453 617 1513 libri
633 1483 657 1515 ν..
702 1457 789 1513 Haec
811 1454 956 1514 sententia
979 1456 1095 1529 (frustra
1115 1475 1132 1514 a
1181 1449 1183 1458 ’

61 1561 214 1620 (ammero
236 1561 421 1638 impugnata)
442 1563 573 1619 firmatur
596 1549 737 1620 adhibitis
759 1561 936 1620 Kirchhoffii
951 1561 1132 1622 observatio·

61 1666 138 1724 ribus
161 1667 199 1725 de
222 1667 449 1744 compositionis
471 1667 638 1727 differentia
659 1687 736 1743 quae
759 1678 803 1727 est
822 1668 898 1726 inter
912 1669 1005 1728 libros
1024 1695 1048 1740 κ,
1062 1696 1087 1741 1μ
1103 1680 1132 1728 et

61 1772 159 1830 ibrum
186 1792 211 1851 ⁶3
245 1776 375 1832 firmatur
406 1774 496 1833 etiam
529 1794 575 1846 eo,
606 1774 689 1850 quod
720 1774 787 1833 finis
820 1774 887 1833 libri
906 1783 928 1828 θ
952 1782 1022 1853 (572
1050 1773 1132 1856 cett.)

62 1891 166 1938 uturae
187 1880 318 1957 speciem
340 1883 470 1958 praebet.
514 1883 595 1943 Olim
617 1883 705 1961 igitur
725 1882 757 1941 in
776 1889 803 1938 B
821 1885 864 1942 sic
880 1894 1027 1942 narratum
1043 1883 1131 1942 fuisse

61 1985 124 2044 licit
156 1986 260 2060 Seeck,
295 1988 412 2048 Ulixem
444 2009 462 2048 a
494 1989 643 2048 Nausicaa
675 1999 835 2066 acceptum
863 1990 984 2050 Alcinoi
1007 1990 1131 2049 domum

61 2094 181 2168 'enisse3
204 2105 323 2170 postero
345 2095 393 2154 die
416 2095 624 2157 certaminibus
645 2097 774 2174 publicis
798 2097 1001 2172 exhilaratum,
1014 2097 1131 2174 vesperi

61 2202 228 2278 ›rofectum,
260 2201 347 2260 tertio
380 2201 428 2261 die
459 2203 657 2263 dormientem
688 2204 823 2262 Ithacam
848 2205 1027 2280 pervenisse.
1070 2203 1131 2263 Hic

61 2329 151 2367 amen
185 2309 303 2368 iterum¹
322 2327 424 2369 verum
460 2329 522 2370 non
557 2310 665 2370 vidisse
701 2310 859 2370 Seeckium
894 2311 983 2370 nobis
1016 2328 1131 2387 persua·

63 2431 115 2472 um
148 2426 207 2492 est3
240 2432 344 2491 parum
376 2417 457 2476 enim
490 2417 634 2476 momenti
663 2416 817 2477 habuisset
848 2418 878 2475 in
910 2417 1131 2494 compositione

61 2519 190 2580 :arminis
222 2528 249 2576 B
281 2523 424 2583 Phaeacis
454 2523 523 2601 illa,
553 2523 585 2582 in
621 2543 681 2601 qua
713 2535 830 2601 praeter
862 2524 992 2583 nominis
1023 2526 1132 2600 profes·

61 2630 165 2688 ionem
197 2629 271 2687 nihil
303 2629 411 2708 egisset
444 2631 558 2710 Ulixes,
590 2651 680 2709 quem
713 2633 760 2690 vel
794 2630 875 2707 apud
907 2632 1036 2690 Aeolum
1063 2647 1131 2690 suos

65 2755 135 2794 asus
167 2735 332 2796 narravisse
363 2737 499 2798 videmus
529 2746 555 2814 (a
587 2741 648 2817 15).
690 2737 808 2798 Scilicet
833 2737 937 2798 Ulixes
959 2756 1036 2813 cum,
1059 2757 1131 2813 quo·

61 2859 179 2918 zumque
204 2843 327 2914 venerit,
361 2847 534 2922 rogantibus
555 2847 602 2924 iis,
633 2846 683 2922 qui
714 2866 782 2906 eum
805 2847 981 2922 exciperent,
1014 2846 1051 2905 de
1073 2845 1132 2905 suis
1172 2889 1175 2897 ·

63 2949 212 3024 rroribuS,
250 2951 417 3012 satisfacere
449 2953 586 3012 debuerit
620 2952 806 3012 enarratione
838 2971 934 3012 rerum
965 2964 1131 3030 gestarum,

61 3059 154 3133 ,navis
185 3060 303 3118 fabulae
327 3060 451 3120 Ulixeae
478 3060 677 3120 conformatio
699 3059 865 3120 necessario
887 3059 926 3119 ad
946 3059 978 3119 id
1001 3060 1130 3120 duceba-

61 3185 94 3222 nr
126 3165 289 3234 inventum,
319 3177 351 3225 ut
372 3169 464 3226 semel
488 3168 601 3228 Ulixem
625 3169 736 3226 faceret
757 3177 923 3226 narrantem
946 3187 1014 3227 suos
1036 3185 1131 3244 casus,

61 3291 109 3330 ‚no
141 3272 171 3330 in
205 3273 343 3332 carminis
374 3278 443 3334 loco
475 3285 597 3333 nactum
627 3274 817 3334 occasionem
840 3286 940 3351 aptam
964 3274 1131 3353 dignosque

61 3376 210 3436 ,uditores
253 3382 357 3458 Neque
388 3383 449 3440 ullo
481 3393 654 3458 argumento
687 3381 794 3441 refellit
826 3383 920 3441 Seeck
954 3381 1130 3441 sententiam
1181 3409 1187 3416 ·

61 3485 228 3544 [irchhoffii
261 3498 290 3546 et
317 3488 543 3564 Wilamowitzii‚
571 3500 686 3565 partem
707 3491 858 3566 quandam
883 3499 939 3558 τοῦ
965 3492 1131 3573 ἀπολόγον

61 3629 74 3651 .‚
98 3595 126 3664 t)
157 3591 218 3651 iam
251 3595 289 3652 ab
321 3593 406 3654 initio
439 3616 507 3654 cum
532 3597 700 3656 Phaeacide
722 3597 912 3657 coniunctam
934 3599 1040 3674 fuisse3
1062 3617 1130 3656 nam

61 3701 131 3774 ,uod
164 3700 236 3759 dicit
268 3701 375 3759 librum
402 3729 412 3756 ι
441 3720 562 3780 quoque
595 3703 668 3762 olim
693 3703 777 3762 tertia
801 3723 930 3790 persona
952 3715 1131 3779 conceptum

61 3809 146 3886 risse,
169 3819 273 3884 postea
294 3807 325 3866 in
347 3809 473 3885 primam
497 3829 655 3886 personam
677 3822 823 3870 mutatum
845 3829 908 3868 esse
925 3813 987 3888 (pg.
1006 3811 1075 3886 171)
1094 3843 1130 3854 -

61 3916 99 3974 ed
133 3916 230 3974 multo
262 3915 358 3994 aptius
390 3935 479 3992 quam
511 3916 603 3976 libros
635 3943 696 3984 aa
729 3951 766 3960 —
800 3917 831 3976 id
859 3916 985 3976 calidius
1008 3917 1045 3976 de
1067 3928 1132 3976 toto

61 4025 123 4080 ,bro
152 4050 161 4075 ι
191 4022 299 4095 statuit,
322 4022 405 4097 quod
429 4024 551 4082 fortasse
573 4043 633 4082 non
658 4024 735 4081 valet
756 4022 812 4080 nisi
835 4023 873 4082 de
897 4023 993 4082 initio.
1036 4024 1132 4082 Testi-

61 4128 150 4187 ronio
174 4129 254 4188 enim
279 4148 347 4188 usus
371 4141 413 4188 est
432 4129 565 4190 versibus
584 4159 594 4186 ι
615 4148 653 4207 54
668 4148 711 4205 sq.
730 4139 922 4218 στησάμενοι
940 4133 1132 4218 δ’ἐμὰχονῖο

61 4243 155 4324 ’.ἀχην
170 4285 199 4304 ··
216 4286 222 4302 ·
239 4289 246 4306 .
272 4238 406 4306 Butler
427 4237 620 4324 ὄόἰλλήλους
638 4240 830 4329 χαλκήρεσιν
849 4245 1008 4328 ἐγχείῃσιν
1024 4240 1131 4317 quibus
