2928 4886
792 395 808 450 6

192 560 195 571 ¹
262 570 430 631 meminisse
453 573 517 630 lore
537 580 568 629 ut
589 571 761 648 aliquando³
782 573 825 630 ira
845 573 977 649 Neptuni
1000 572 1031 632 in
1053 574 1202 634 Phaeaces
1224 575 1345 646 exitata,

261 677 344 739 navis
375 678 503 737 rediens·
529 677 559 736 in
591 697 694 737 saxum
729 689 857 737 mutetur
889 678 1004 756 ipsique
1037 691 1139 739 monte
1161 680 1345 758 oppositoa

263 787 336 846 mari
357 797 522 845 arceantur.
566 785 697 864 Roganti
719 786 830 846 deinde
851 786 983 847 Alcinoo
1005 789 1042 847 de
1064 788 1212 848 erroribus
1234 789 1293 848 suis
1316 800 1347 850 et

260 913 352 970 quare
373 893 542 953 lacrimetur
562 893 664 952 andito
687 892 725 952 de
748 891 865 952 interitu
888 893 997 953 Troiae
1019 895 1159 968 carmine,
1183 897 1346 972 respondet

261 1002 371 1078 hospes
407 1020 437 1060 se
472 1000 592 1061 Ulixem
626 1019 689 1059 esse
722 1001 920 1074 Ithacensem‚
954 1001 1035 1061 Iovis
1067 1012 1145 1060 nutu
1170 1021 1224 1079 per
1250 1003 1346 1062 maria

262 1119 408 1167 errantem
430 1108 501 1166 dum
523 1109 562 1166 ab
583 1105 638 1167 Ilio
661 1105 784 1183 patriam
805 1117 958 1183 repeteret.
993 1110 1020 1165 T
1022 1124 1071 1166 um
1093 1107 1198 1167 ordine
1220 1110 1346 1186 exponit

263 1215 301 1274 de
333 1213 499 1275 Ciconibus
529 1213 772 1291 Lotophagisqne
807 1225 836 1273 et
854 1215 906 1285 de
942 1215 1075 1292 Cyclope
1107 1217 1246 1292 Neptuni
1272 1219 1346 1294 filio

263 1325 371 1398 impio,·
390 1341 480 1399 quem
513 1331 702 1379 excaecatum
731 1340 748 1378 a
769 1340 810 1393 se,
835 1329 993 1397 postquam
1015 1320 1115 1380 socios
1136 1321 1248 1397 aliquot
1272 1343 1348 1384 suos

261 1428 469 1506 interfecisset,
494 1427 615 1488 nomine
632 1446 685 1486 sno
701 1427 739 1486 ab
753 1426 819 1504 ipso
835 1429 905 1487 dum
920 1427 1038 1504 fugiens
1051 1428 1079 1487 ei
1092 1428 1214 1488 insultet
1229 1430 1349 1509 andito,

263 1537 337 1614 patri
368 1539 509 1613 Neptuno
545 1534 727 1612 supplicasse
759 1544 792 1593 ut
824 1517 881 1612 ipsi
913 1535 1056 1594 adimeret
1083 1534 1221 1609 reditum,
1246 1535 1270 1594 si
1290 1555 1349 1612 per

263 1647 323 1704 sata
343 1643 467 1722 liceret3
491 1641 536 1702 sin
558 1645 617 1702 sata
639 1643 798 1712 obstarent,
820 1653 849 1700 at
870 1653 902 1701 ut
923 1662 988 1702 sero
1017 1643 1093 1702 male
1119 1642 1233 1701 amissis
1254 1641 1349 1702 sociis

261 1751 324 1828 ipse
336 1750 428 1809 redux
438 1749 584 1808 inveniret
596 1750 719 1809 domum
731 1748 948 1809 calamitatibus
960 1751 1115 1810 turbatam.
1132 1749 1230 1810 Huius
1240 1769 1348 1827 preces

262 1861 434 1935 Neptunum
468 1857 621 1916 exaudisse
652 1859 808 1933 lovemque
828 1859 914 1916 sociis
935 1868 963 1916 et
984 1858 1107 1917 nauibus
1127 1859 1256 1916 omnibus
1274 1867 1346 1934 per-

262 1967 363 2024 m'ciem
395 1968 526 2024 molitam
553 1985 620 2028 esse.
663 1964 758 2040 Pergit
780 1983 895 2023 narrare
917 1965 954 2023 de
977 1966 1075 2024 Aeolo
1097 1975 1126 2023 et
1147 1964 1184 2023 de
1205 1967 1348 2042 Laestry-

262 2071 390 2151 gonibus
410 2091 487 2148 quos
508 2090 565 2130 una
587 2091 640 2130 sua
657 2070 740 2130 navis
763 2070 905 2148 effugerit.
928 2073 1002 2130 Inde
1024 2075 1157 2131 Aeaeam
1171 2071 1201 2130 in
1216 2073 1346 2132 insulam

265 2180 347 2256 apud
377 2179 497 2257 Circen,
525 2181 603 2238 Solis
628 2181 729 2256 filiam
758 2181 864 2237 Aeetae
894 2183 1036 2254 sororem,
1060 2197 1092 2236 se
1114 2177 1228 2238 venisse
1253 2197 1346 2257 seque

263 2287 344 2364 apud
378 2305 444 2345 eam
476 2303 586 2345 annum
618 2296 714 2346 toturn
740 2286 892 2362 mansisse,
914 2288 1001 2345 donec
1021 2289 1105 2344 sociis
1126 2287 1347 2346 admonentibus

263 2393 437 2454 missionem
468 2414 486 2452 a
519 2393 605 2454 Circe
636 2393 771 2470 oraverit,
800 2410 876 2467 qnae
897 2393 936 2451 ad
958 2395 1069 2453 Orcum
1091 2392 1171 2469 prins
1192 2393 1344 2470 proficisci

263 2519 294 2559 se
327 2499 442 2559 iusserit
463 2508 495 2558 ut
516 2497 645 2558 Tiresiae
667 2496 796 2556 animam
819 2501 989 2559 consuleret
1010 2498 1048 2558 de
1071 2498 1177 2559 reditu.
1219 2502 1255 2559 In
1276 2499 1345 2577 ipsa

263 2618 362 2666 autem
386 2604 573 2682 pro-sectione
599 2607 749 2682 Elpenore
773 2626 810 2665 ex
834 2609 921 2665 sociis
944 2608 1102 2665 cervicibus
1128 2607 1239 2676 fractis
1261 2627 1343 2665 mor·

263 2721 311 2772 tuo
343 2712 472 2790 reliquos
510 2730 609 2772 secum
642 2732 750 2790 magno
784 2694 865 2773 metir
897 2733 1004 2774 navem
1037 2715 1216 2775 ascendisse.
1265 2716 1343 2774 Cum

263 2819 460 2892 advenissent,
494 2819 614 2880 monitis
647 2819 748 2880 Circes
773 2823 943 2898 perfunctus
964 2819 1166 2895 sacrificioque
1187 2821 1344 2897 placandis

263 2926 402 2986 manibus
433 2925 473 2986 ad
504 2938 603 3002 portas
630 2927 793 2988 inferorum
815 2939 947 3006 peracto,
970 2931 1086 2986 animos
1106 2948 1137 2986 se
1157 2929 1343 2988 aduenientes

264 3036 396 3096 arcuisse
417 3054 436 3091 a
456 3037 600 3108 sanguine
621 3036 767 3106 sacrificii
785 3035 903 3093 bibendo
925 3037 1013 3094 donec
1032 3037 1182 3094 Tiresiam
1197 3044 1343 3110 rogasset.

264 3143 400 3200 Primum
412 3143 592 3218 Elpenorem
603 3161 633 3200 se
648 3143 784 3200 obtulisse
797 3145 979 3218 sepulturam
994 3153 1181 3218 quaerentem
1188 3162 1201 3216 ,·
1216 3153 1344 3202 matrem

263 3249 372 3308 deinde
403 3246 498 3308 Ulixis
530 3247 708 3326 Anticliam3
739 3267 828 3324 quam
861 3260 959 3308 tamen
991 3270 1009 3309 a
1043 3249 1185 3327 sanguine
1207 3250 1344 3310 bibendo

263 3355 456 3432 prohibuerit.
497 3357 586 3414 Hanc
607 3364 744 3414 secutum
765 3355 906 3415 Tiresiam
928 3357 1069 3434 sanguine
1090 3366 1163 3433 poto
1185 3356 1224 3416 de
1245 3355 1344 3416 reditu

264 3461 455 3522 vaticinatum
487 3482 567 3534 esse;
590 3473 803 3522 memorantem
825 3461 904 3521 enim
928 3461 1001 3521 iram
1023 3461 1157 3538 Neptuni
1178 3461 1347 3521 admonen-

264 3579 382 3644 temque
418 3568 568 3628 vitandam
605 3589 668 3629 esse
700 3568 888 3629 Thrinaciam
920 3559 1060 3627 insulam
1080 3580 1109 3628 et
1140 3568 1234 3628 boves
1266 3567 1346 3628 Solis

263 3674 444 3752 praedixisse
475 3675 532 3752 ipsi
553 3677 678 3735 domum
700 3695 818 3736 reverso
839 3695 948 3752 procos
969 3676 1135 3752 Penelopes
1157 3674 1346 3736 occidendos

264 3801 343 3860 esse;
380 3804 439 3859 qua
474 3804 508 3843 re
539 3785 672 3849 confecta
703 3803 776 3842 nono
808 3785 916 3842 e'tinere
940 3785 1064 3859 placari
1093 3793 1232 3859 oportere
1262 3784 1344 3841 iram

206 3969 208 3973 ι
263 3893 411 3967 Neptuni.
454 3891 585 3968 Roganti
619 3889 675 3949 sibi
707 3907 767 3964 quo
799 3889 892 3949 modo
914 3890 1029 3948 efficere
1051 3899 1151 3965 posset
1172 3900 1204 3948 ut
1225 3887 1344 3949 animae

264 3997 363 4074 ipsum
394 4008 602 4074 agnoscerenu
623 3996 809 4073 respondisse
831 3995 872 4056 eis
894 3996 1066 4073 sanguinem
1087 3995 1220 4055 sacrificii
1235 3996 1347 4072 imper-

264 4103 398 4163 tiendum
424 4124 498 4163 esse.
540 4108 688 4181 Regresso
709 4103 826 4163 Tiresia
851 4107 1052 4181 superuenisse
1075 4107 1243 4178 Anticliam,
1264 4123 1344 4181 qnae

264 4210 408 4289 sanguine
430 4222 503 4288 poto
525 4231 555 4270 se
576 4211 735 4290 agnoverit
756 4223 786 4270 et
807 4211 985 4287 interrogata
1005 4210 1147 4270 rettulerit
1161 4212 1344 4290 Penelopem
