2928 4886
647 324 684 380 61

121 520 168 568 tur
184 509 263 584 1)-
280 534 294 563 κ
309 510 448 582 528-30
465 513 507 582 ric
524 509 631 592 ἔρεβος
655 507 797 590 στρέψας
816 505 932 578 αὐτὸς
954 505 980 569 d'
999 508 1202 588 ‹inovdopr

121 619 347 702 τραπέσθαι
382 616 525 698 Ἳέμινος
561 621 720 697 ποταμοῖο
755 617 871 697 ῥοάων·
902 611 988 677 ἔνθα
1017 613 1051 677 δὲ
1082 612 1202 677 πολλαὶ

119 729 235 811 Ψυχαὶ
269 725 455 790 ἐλεύσονται
498 733 620 788 νεκύων
656 724 965 786 κατατεθνηώτων.
1019 717 1062 775 Hi
1102 737 1204 776 versus

123 835 150 904 (κ
172 833 325 906 528-30)
347 848 408 888 non
433 837 586 887 recurrunt
605 826 635 884 in
657 826 734 885 libro
753 831 768 880 t
779 845 787 898 ;
808 825 892 900 quod
907 823 980 883 mihi
994 822 1114 899 quidem
1132 843 1204 882 con-

121 935 245 996 trarium
276 936 407 1012 probare
438 934 554 993 videtur
584 946 672 1007 atque
706 929 770 991 Sittl
804 929 960 991 contendit
967 951 976 1004 ;
998 929 1202 990 diasceuastae

123 1061 195 1101 vero
217 1062 308 1119 opera
323 1043 412 1100 etiam
427 1039 597 1118 agnoscitur
610 1039 641 1097 in
656 1037 753 1097 verbis
768 1055 844 1116 quae
856 1038 983 1097 diductis
996 1037 1097 1098 litteris
1108 1039 1203 1116 scrip·
1224 1037 1229 1048 “

122 1149 226 1223 simus,
249 1167 310 1208 non
332 1147 394 1208 sine
417 1147 489 1206 vitio
515 1165 552 1206 ex
576 1172 589 1202 r
610 1162 668 1222 350
685 1143 792 1221 petitis.
816 1145 943 1204 Sittlium
957 1157 989 1204 ut
1005 1147 1202 1204 Kammerum

122 1267 246 1334 rogatos
268 1255 414 1332 cupimus,
434 1252 510 1329 quid
530 1253 756 1328 interpolatores
775 1251 843 1312 illos
861 1249 953 1328 egisse
964 1252 1120 1311 dicamus?
1144 1255 1205 1312 Cur

122 1377 186 1423 tam
206 1340 368 1422 insolenter
391 1359 571 1420 carminibus
588 1357 755 1419 Homericis
769 1352 963 1417 insultarent?
983 1358 1053 1416 Plus
1067 1359 1202 1434 profecto

122 1469 247 1530 rationis
268 1468 298 1528 in
322 1468 437 1546 Pigrete
460 1469 512 1527 illo
535 1466 597 1541 suit,
619 1467 670 1542 qui
692 1463 812 1524 alternis
832 1464 968 1523 versibus
989 1461 1090 1522 Iliadis
1104 1463 1205 1523 trime·

124 1588 203 1635 trum
233 1575 397 1636 iambicum
428 1573 582 1633 addidisse
615 1574 712 1632 fertur.
747 1606 785 1615 —
811 1569 912 1630 Celeri
934 1582 1049 1646 praeter
1071 1569 1207 1629 Niesium

126 1684 192 1758 (qui
213 1693 292 1742 tacet
313 1683 351 1743 de
373 1685 432 1742 hoc
454 1681 535 1756 loco)
558 1693 587 1739 et
609 1680 767 1742 Seeckium
791 1679 980 1738 Kirchhoffio
1002 1677 1208 1756 assentiuntur‚
1252 1657 1259 1668 ’

124 1789 382 1866 praeparationem
401 1789 432 1847 in
448 1815 462 1844 κ
482 1797 549 1864 post
564 1788 672 1847 librum
689 1800 703 1848 κ
723 1788 831 1845 laetam
844 1804 915 1864 esse.
940 1787 1010 1844 Non
1025 1795 1124 1844 tamen
1140 1805 1207 1844 cum

122 1895 292 1956 Kirchoffio
322 1895 437 1955 faciunt
460 1895 639 1954 recentiores
661 1893 693 1953 in
716 1893 856 1970 eoquod
878 1899 893 1948 t
912 1892 951 1951 ad
972 1891 1207 1969 antiquissimum

122 2011 259 2071 Νύσιον
281 2002 429 2080 pertinere
452 2000 541 2078 dicit3
564 2001 645 2060 hisce
663 2001 712 2059 ille
727 2000 849 2077 quidem
865 1997 1032 2058 rationibus
1047 2011 1206 2074 permotus.

123 2108 251 2167 Librum
283 2133 303 2175 α
333 2113 403 2185 (265
433 2111 515 2184 cett)
537 2109 587 2184 qui
609 2121 724 2185 partem
746 2107 853 2167 efficiat
876 2125 981 2166 eorum
1005 2109 1112 2184 quibus
1133 2109 1205 2168 anti·

122 2214 283 2290 quissimus
307 2224 437 2294 Νόστος
461 2215 658 2293 οοοϊίοαεϊατ,
677 2224 806 2275 ceterum
821 2215 986 2275 recentiore
1007 2223 1128 2302 Νόστῳ
1143 2215 1207 2292 ipse

122 2322 276 2397 antiquior
309 2323 361 2396 sit,
403 2322 556 2401 cognitum
594 2321 669 2381 dicit
705 2320 842 2380 habuisse
871 2321 1003 2382 Tiresiae
1035 2323 1207 2382 vaticinium

122 2451 162 2489 ex
192 2435 222 2489 t:
254 2429 286 2488 id
314 2430 401 2508 igitur
429 2430 468 2489 ad
489 2429 643 2506 antiquum
666 2435 800 2497 Νόστοιι
823 2429 969 2505 pertinere
991 2431 1112 2490 debere.
1147 2432 1207 2490 Sed

123 2539 188 2596 hoc
219 2547 426 2613 argumentum
459 2537 540 2614 apud
575 2555 631 2597 nos
663 2555 724 2595 non
753 2539 840 2610 valet,
864 2555 931 2595 cum
954 2538 991 2596 de
1013 2540 1104 2598 altera
1126 2549 1208 2614 parte

122 2643 281 2718 Odysseae
307 2643 390 2702 aliter
412 2663 448 2702 ac
469 2644 633 2702 Kirchlroff
650 2642 810 2702 sentiamus
830 2661 888 2701 nec
909 2645 992 2720 quod
1016 2645 1044 2702 in
1066 2644 1207 2704 vaticinio

121 2749 258 2810 Tiresiae
280 2750 366 2823 valet,
396 2749 434 2808 de
456 2748 532 2808 libro
555 2756 570 2805 t
598 2759 661 2809 toto
683 2749 745 2808 iure
766 2750 935 2810 affirmatur.
978 2751 1099 2812 Deinde
1125 2752 1207 2829 quod

122 2857 274 2914 tntillum
297 2855 398 2932 prodit
418 2855 575 2930 vestigium
597 2867 726 2917 mutatae
748 2857 779 2916 in
800 2857 914 2916 tertiam
937 2878 1094 2935 personam
1113 2879 1209 2919 narra-

122 2963 226 3031 tionis,
257 2962 288 3022 id
322 2964 362 3022 ob
394 2964 565 3039 pecularem
598 2963 676 3023 illius
708 2961 776 3024 libri
805 2962 939 3024 indolem
961 2985 1023 3026 non
1045 2967 1144 3044 magni
1166 2978 1210 3027 est

124 3069 272 3130 momenti
293 3089 349 3128 nec
373 3079 454 3128 certe
475 3071 541 3146 plus
563 3071 670 3146 probat
693 3089 783 3146 quam
805 3089 866 3130 non
882 3071 1128 3150 coniungendam
1144 3093 1207 3133 esse

124 3184 140 3233 t
173 3196 244 3235 cum
273 3202 287 3231 ι
313 3201 341 3240 ν·
377 3179 534 3236 Postremo
563 3175 725 3236 Kirchhoff
754 3176 854 3237 nititur
875 3178 1011 3255 episodio
1033 3190 1049 3238 λ
1068 3184 1208 3256 328-83

124 3286 155 3346 in
190 3303 252 3362 quo
284 3283 443 3345 clarissime
474 3295 615 3361 appareat
648 3284 767 3344 Ulixem
792 3304 859 3343 suas
887 3285 982 3362 ipsum
1010 3307 1055 3347 res
1083 3307 1210 3366 narrare,

125 3411 198 3451 cum
227 3391 317 3450 etiarn
349 3391 456 3468 reliqui
487 3393 538 3466 qui
562 3391 593 3451 in
628 3411 664 3451 eo
686 3402 888 3451 memorantur
908 3392 1000 3453 iidem
1023 3395 1082 3454 sint
1105 3395 1155 3472 qui
1178 3396 1209 3454 in

125 3497 333 3573 antiquissimo
366 3506 526 3556 occurrunt
560 3505 694 3584 Νόστῳ,
728 3501 825 3568 Arete,
857 3501 1023 3576 Echeneos‚
1056 3504 1208 3563 Alcinous.

125 3611 268 3666 Attamen
300 3604 375 3665 illud
405 3605 574 3682 episodium
608 3624 643 3663 ex
675 3605 805 3682 repetitis
837 3611 883 3668 vel
915 3609 1037 3670 minime
1071 3613 1210 3688 gravibus

164 3837 187 3898 t)
206 3837 293 3898 Itaque
312 3835 348 3884 sic
367 3836 452 3884 locum
471 3835 615 3886 constituit:

265 3912 327 3966 ἕνθ’
350 3914 390 3967 dtr
408 3916 517 3985 ἀρνειὸν
537 3917 637 3984 ῥέζειν,
659 3919 753 3987 θῆλύν
771 3939 802 3970 τε
822 3921 964 3982 μέλαιναν,
984 3935 1032 3989 527

265 4000 302 4064 δὴ
321 3995 379 4050 τότ’
402 3997 498 4050 ἕποιθ’
519 4000 655 4069 ἑτάροισιν
673 4005 824 4071 ἐποτρῦναι
843 4009 890 4055 καὶ
909 4007 1008 4064 ἀνῶξαι
1027 4017 1073 4070 531

267 4081 417 4149 δείραντας
440 4089 596 4149 κατακῆαι,
615 4083 791 4143 ἐπεύξασθαι
810 4086 842 4136 δὲ
862 4091 954 4139 θεοῖσι
974 4102 1022 4155 533
1040 4096 1096 4139 cett.

129 4161 145 4212 i.
164 4177 186 4212 e.
206 4162 360 4232 δείραντας
387 4166 436 4216 τὸν
454 4166 562 4235 ἀρνειὸν
582 4168 629 4216 καὶ
647 4170 698 4233 τὴν
715 4169 835 4237 θήλειαν
855 4165 906 4224 οἷν.
