2928 4886
728 295 764 384 65

195 487 257 564 438
266 488 342 564 sqq.)
352 467 510 546 uhiversae
522 487 584 547 eius
596 487 634 546 de
647 487 868 564 compositione
878 484 984 545 veteris
990 493 1031 553 N
1030 493 1125 552 όστου
1143 479 1280 562 opinioni

195 593 332 652 oblocuti
354 604 430 652 sunt.
452 593 571 652 Ulixem
595 593 708 653 scilicet
732 596 803 654 facit
824 594 856 652 in
874 617 891 664 η
910 602 1033 670 rogante
1061 591 1163 670 regina
1183 592 1281 652 statim

194 719 266 758 suos
300 719 385 758 casus
418 703 446 776 (ι,
478 704 505 774 l)
541 713 785 776 persequentem,
823 699 933 758 deinde
970 699 1067 776 longis
1104 698 1280 776 ambagibus

193 806 426 881 respondentem
457 805 497 863 ad
519 806 562 881 id,
583 809 667 884 quod
689 807 806 884 proprie
827 808 924 874 abeo
946 817 1081 884 rogatum
1106 817 1185 881 erat3
1206 806 1278 865 inde

193 912 339 971 continuo
362 932 380 970 a
400 913 585 972 Phaeacibus
607 915 741 972 Ithacam
765 914 932 972 reductum.
968 912 1036 971 Tali
1056 932 1128 971 vero
1153 911 1279 970 carmini

195 1020 280 1078 deest
312 1018 432 1077 interior
453 1018 557 1079 notitia
578 1021 757 1098 Phaeacum,
778 1038 868 1096 quam
889 1031 990 1079 tamen
1014 1037 1053 1078 ex
1075 1019 1279 1080 antecedenti·

195 1127 253 1182 bus
274 1122 303 1181 in
322 1135 338 1194 ζ
361 1134 518 1200 expectare
540 1139 775 1184 consentaneum
797 1137 876 1200 erat;
898 1127 981 1185 deest
1002 1144 1078 1203 quae
1100 1136 1160 1186 tam
1176 1129 1278 1202 pulcre

196 1233 228 1290 in
259 1231 337 1289 libro
366 1241 388 1286 θ
421 1232 541 1290 offertur
572 1233 653 1292 Ulixi
679 1233 800 1292 occasio
822 1243 851 1292 et
873 1253 962 1292 causa
984 1233 1132 1306 narrandi,
1155 1232 1277 1292 cumin

195 1337 375 1397 Kirchhoffii
397 1337 482 1413 epico
504 1339 635 1398 carmine
656 1341 841 1424 (ἐποποιίᾳ)
854 1375 893 1383 -
903 1359 971 1398 nam
987 1339 1030 1398 sic
1045 1357 1131 1398 suum
1143 1343 1277 1408 Noororr

196 1448 330 1523 appellat
354 1480 390 1488 -
413 1445 599 1522 importunus
627 1448 730 1506 Ulixes
761 1446 854 1504 videri
875 1446 969 1522 possit
990 1445 1041 1520 qui
1062 1445 1158 1522 primo
1181 1446 1278 1504 statim

196 1572 360 1630 congressu
388 1554 477 1629 longa
506 1572 638 1613 errorum
667 1571 786 1613 suorum
808 1552 977 1612 narratione
998 1552 1130 1610 detineat
1150 1552 1281 1629 hospites

196 1678 269 1719 suos
291 1657 425 1716 cubitum
447 1661 506 1715 iam
527 1659 628 1718 ituros.

240 1766 334 1825 Haud
366 1765 453 1824 facile
485 1777 545 1824 tam
577 1766 652 1824 exile
685 1785 825 1840 umquam
858 1785 977 1824 carmen
999 1785 1052 1841 per
1082 1785 1113 1825 se
1135 1765 1280 1826 exstitisse

195 1872 359 1932 crediderit
379 1871 494 1949 aliquis.
523 1873 615 1947 Quod
629 1885 729 1931 autem
745 1874 783 1931 ab
799 1873 919 1948 antiquo
941 1880 1062 1960 Νόστῳ
1083 1873 1278 1933 recentiorem

195 1980 336 2058 seiungit,
358 1980 500 2054 temporis
522 1979 725 2038 diversitatem
746 1981 778 2037 in
801 1981 860 2037 hoc
881 1980 992 2037 nullam
1014 1999 1153 2056 apparere
1175 1979 1230 2039 nisi
1247 1980 1279 2038 in

194 2087 332 2146 versibus
355 2096 458 2162 postea
481 2085 589 2144 aduris
610 2086 669 2143 iarn
692 2085 894 2160 ostendimus3
917 2105 979 2145 non
999 2086 1092 2162 magis
1107 2106 1177 2146 vero
1192 2085 1280 2145 nobis

193 2194 342 2272 persuasit
356 2193 519 2252 Kirchhoff
529 2193 677 2250 affirmans
693 2191 801 2252 Circen
817 2212 853 2250 ex
865 2190 1031 2250 imitatione
1043 2193 1170 2252 Medeae
1184 2206 1280 2251 ortam

192 2303 329 2376 ideoque
337 2301 437 2360 Circes
448 2301 581 2358 fabulam
592 2299 783 2359 recentiorem
794 2298 996 2374 Argonautica
1006 2301 1106 2357 fabula
1118 2319 1189 2359 esse.
1201 2301 1279 2358 Nam

193 2429 236 2468 ex
268 2407 475 2484 mythologicis
505 2407 642 2483 personis
669 2407 702 2466 in
716 2407 908 2466 'carminibus
929 2406 1128 2465 diversitatem
1152 2418 1278 2466 statuere

191 2529 377 2592 temporum,
399 2515 480 2573 haud
501 2515 564 2575 scio
586 2535 625 2573 an
647 2534 756 2573 vanum
779 2515 832 2590 sit3
855 2523 886 2572 ut
900 2515 983 2571 luere
999 2513 1050 2588 qui
1065 2513 1192 2572 Iliadem
1206 2511 1277 2574 ideo

193 2625 332 2700 Odyssea
365 2623 562 2699 antiquiorem
596 2633 734 2698 putarent
758 2621 841 2698 quod
859 2621 892 2679 in
913 2621 963 2678 illa
983 2621 1038 2678 Iris
1059 2619 1277 2700 (praeterquam

190 2734 229 2791 in
259 2730 313 2810 rt),
344 2731 377 2788 in
408 2733 464 2788 hac
486 2731 647 2788 Mercurius
673 2727 891 2808 (praeterquam
913 2727 945 2786 in
963 2728 990 2802 σ)
1012 2727 1132 2786 nuntius
1154 2729 1279 2787 deorum

190 2847 290 2913 esset3
311 2836 394 2911 quasi
418 2856 477 2895 non
499 2846 623 2912 utraque
645 2835 726 2894 fictio
747 2834 817 2893 inde
841 2834 1077 2894 aremotissimis
1095 2836 1280 2912 temporibus

191 2944 280 3021 apud
312 2945 445 3002 Graecos
477 2955 590 3002 exstare
621 2942 761 3020 potuerit,
793 2960 967 3000 communes
998 2942 1030 3000 in
1061 2944 1119 3000 hac
1148 2961 1179 3001 re
1209 2961 1279 3001 suae

190 3051 280 3127 stirpi
301 3065 451 3111 servantes
471 3051 655 3126 traditiones,
680 3063 711 3109 ut
731 3061 923 3126 cognatarum
944 3049 1077 3128 gentium
1094 3049 1280 3126 mythologia

191 3171 373 3234 comparata
394 3171 527 3236 apparet.

239 3265 311 3325 Non
339 3265 428 3344 igitur
458 3266 609 3325 recentior
640 3264 786 3322 dicendus
811 3275 854 3322 est
875 3266 948 3322 alter
969 3265 1020 3322 ille
1039 3271 1171 3338 Νόστος
1182 3283 1195 3343 ,·
1222 3281 1280 3320 nec

191 3392 272 3433 vero
302 3392 420 3432 carmen
452 3373 601 3449 peculiare
635 3384 687 3428 aut
718 3372 887 3429 absolutum
917 3370 980 3454 dici
1010 3381 1123 3447 potest3
1156 3389 1226 3428 nam
1247 3368 1279 3427 in

191 3498 389 3559 quacumque
409 3479 519 3538 reditus
542 3477 642 3537 Ulixei
664 3478 832 3537 narratione
853 3497 888 3536 ea
909 3495 986 3554 quae
1004 3477 1107 3564 insunt
1135 3476 1165 3534 in
1186 3507 1196 3532 ι
1215 3485 1245 3534 et
1263 3487 1279 3536 t

191 3585 311 3650 omissa
332 3605 395 3644 esse
417 3595 576 3660 nequeunt,
598 3604 655 3643 nec
676 3596 777 3643 tamen
799 3584 927 3661 duplicis
951 3585 1141 3662 expositionis
1154 3587 1186 3645 in
1200 3588 1279 3647 libro

190 3725 202 3751 b
246 3694 338 3751 ullum
371 3693 499 3752 cernitur
531 3691 697 3768 vestigium.
741 3693 806 3750 Nec
840 3691 933 3769 magis
964 3694 1158 3753 Telemachia
1190 3696 1224 3772 (i.
1253 3715 1278 3755 e.

186 3807 274 3869 β-δ
306 3802 364 3858 610
396 3811 425 3858 et
455 3798 536 3875 prior
567 3817 636 3874 pars
669 3797 738 3856 libri
770 3797 805 3876 ο),
840 3810 872 3857 ut
903 3798 996 3859 voluit
1028 3800 1196 3874 Kirchhoff,
1224 3822 1279 3878 pro

193 3917 336 3982 separato
367 3905 498 3966 carmine
530 3905 633 3964 haberi
666 3916 776 3982 potest,
807 3905 934 3981 primum
965 3907 1035 3981 quia
1067 3927 1119 3983 per
1140 3925 1170 3966 se
1191 3907 1280 3968 nimis

197 4013 276 4072 exile
314 4013 427 4091 fuisset,
464 4013 572 4072 deinde
604 4011 675 4089 quia
706 4011 736 4070 in
763 4013 840 4073 libro
873 4023 893 4078 β
927 4025 1019 4091 agunt
1049 4013 1132 4090 proci
1164 4015 1216 4090 qui
1247 4016 1279 4075 in

196 4122 258 4180 line
288 4121 408 4180 demum
438 4120 559 4180 alterius
590 4120 741 4196 Odysseae
774 4118 864 4196 partis
892 4139 959 4178 suas
988 4129 1085 4196 partes
1108 4120 1278 4196 absolvunt,

1147 4242 1163 4306 5
