2928 4886
606 411 644 466 29

73 580 135 647 εἰς
172 578 244 653 τὴν
280 573 456 654 Ὁμήρου
492 577 682 658 ποίησιν.
719 559 792 639 Ἦν
821 576 1092 652 δὲόΚύνοειθος
1117 579 1153 640 τὸ

72 682 172 760 γένος
195 689 290 753 Χῖος,
310 684 416 753 ὅςκαὶ
435 689 499 746 τῶν
518 682 787 765 ἐπιγραφομένων
805 681 946 763 Ὀμήρου
964 689 1155 764 ποιημάτων

73 793 134 852 τὸν
169 792 212 862 εἰς
243 787 446 853 Ἀπόλλωνα
480 790 648 870 γεγραφὼς
678 789 780 868 ὕμνον
817 785 1034 853 ἀνατέθεικεν
1071 792 1159 872 αὐτῷ

72 905 138 950 cett
174 893 289 969 ἄλλως·
322 897 353 957 οἱ
383 900 456 976 περὶ
491 899 665 959 Κύναιθον
692 892 867 979 ῥαβδῳόοί·
892 882 982 960 οὗτοι
1008 899 1069 978 γὰρ
1096 901 1156 974 τὴν

71 1003 219 1083 Ὁμήρου
238 1001 366 1082 ποίησιν
381 1002 616 1092 οκεόαοθοῖσαν
631 1007 849 1085 ἐμνημόνευον
864 1006 918 1065 καὶ
932 1002 1154 1082 (ἐπήγγελλον.

73 1110 282 1189 ἐλυμήναντο
308 1110 341 1170 δὲ
366 1111 449 1190 αὐτῇ
473 1113 572 1172 πάνυ,
590 1108 618 1180 1)
641 1106 718 1165 Cum
739 1105 814 1163 mira
835 1123 870 1164 ex
890 1105 936 1164 his
955 1105 992 1165 de
1007 1106 1154 1182 Cynaethi

74 1211 312 1271 Homericorum
334 1213 506 1271 Carminum
527 1210 632 1272 Ionica
652 1209 799 1269 Versione
822 1210 942 1270 Fickius
956 1211 988 1270 in
1003 1211 1086 1271 libris
1101 1211 1159 1270 suis

75 1319 211 1396 protulit,
249 1323 287 1378 R.
318 1320 491 1378 Volkmann
515 1321 563 1394 ο),
594 1315 709 1376 ratione
740 1315 843 1375 habita
872 1314 1018 1392 pessimae
1052 1317 1159 1376 horum

74 1426 261 1486 scholiorum
282 1425 470 1493 conditionis¹
506 1443 583 1501 quae
607 1423 834 1501 repetitionibus
855 1433 1000 1500 scateant,
1021 1422 1160 1500 opinatus
1260 1460 1262 1470 ·

19 1615 23 1622 Ι
76 1546 122 1593 est
144 1532 322 1594 sententiam
343 1553 361 1591 a
378 1531 466 1592 nobis
477 1530 607 1590 diductis
621 1529 726 1590 litteris
737 1539 871 1590 notatam
883 1529 957 1590 nihil
971 1529 1025 1590 nisi
1036 1531 1159 1589 alteram

77 1639 326 1718 significationem
359 1659 421 1699 esse
443 1639 576 1698 eiusdem
597 1637 737 1713 reiquae
758 1639 848 1714 paulo
869 1647 938 1714 post
961 1648 1158 1696 memoratur:

78 1748 269 1823 Cynaethum
287 1744 399 1804 scilicet
412 1746 555 1821 hymnum
571 1743 601 1802 in
617 1742 788 1820 Apollinem
803 1742 1018 1820 composuisse.
1040 1742 1159 1817 Quodsi

76 1854 122 1914 ita
153 1873 185 1914 se
215 1872 262 1913 res
292 1853 385 1912 habet
418 1856 463 1927 (ut
494 1851 566 1911 mihi
594 1868 715 1929 quoque
736 1850 865 1926 videtur)
887 1867 1005 1927 prorsus
1026 1848 1099 1909 nihil
1121 1849 1160 1909 de

75 1961 296 2038 rhapsodorum
318 1957 596 2034 interpolationibus
617 1967 803 2034 compertum
824 1958 980 2017 habemus
1002 1957 1062 2016 Sed
1076 1975 1159 2039 prae-

76 2081 161 2126 terea
181 2067 232 2126 illa
252 2066 317 2142 ipsa
336 2063 537 2141 interpolandi
551 2064 629 2123 ratio
646 2062 769 2123 minime
785 2051 939 2123 credibilis
953 2063 1025 2123 mihi
1036 2063 1160 2123 videtur.

76 2177 159 2234 Nam
183 2191 242 2248 quo
267 2183 442 2250 argumento
464 2172 557 2230 Lehrs
574 2173 604 2246 3)
626 2170 787 2248 praecipuo
810 2170 900 2230 utitur
920 2170 960 2230 ad
982 2169 1159 2247 impugnan-

76 2283 151 2341 dam
177 2279 343 2339 traditionis
363 2278 455 2337 fidem
477 2276 515 2336 de
536 2277 767 2338 Homericorum
789 2277 955 2337 carminum
977 2277 1158 2338 collectione

77 2389 235 2449 Pisistrato
258 2385 367 2458 debita,
389 2386 483 2444 multo
505 2386 604 2460 plures
612 2363 616 2370 η’
625 2384 842 2462 amplioresque
863 2383 894 2444 in
915 2385 961 2442 his
976 2383 1158 2442 carminibus

75 2494 326 2572 interpolationes
354 2490 482 2551 inveniri
515 2490 652 2551 debuisse
683 2509 773 2566 quam
797 2508 909 2568 paucas
929 2491 1070 2566 levesque
1092 2489 1159 2548 illas

75 2623 158 2682 quae
188 2603 227 2661 ab
258 2599 386 2678 antiquis
418 2598 538 2658 Atticae
568 2598 734 2659 recensioni
756 2597 974 2658 adscribantur:
998 2597 1107 2675 quodsi
1129 2617 1160 2656 re

77 2730 148 2770 vera
169 2708 335 2768 Pisistratus
352 2726 388 2765 ea
409 2704 585 2783 collegisset,
607 2704 763 2764 minimum
785 2705 999 2783 expectandam
1023 2704 1113 2764 fuisse
1127 2704 1159 2763 in

75 2817 138 2878 illis
169 2821 336 2900 ἀριστείαν
368 2813 476 2876 Thesei
508 2827 558 2875 ant
590 2815 715 2876 alicuius
741 2816 839 2877 herois
869 2815 980 2894 Attici3
1006 2816 1037 2876 id
1059 2815 1159 2876 mirari

74 2927 164 2986 soleo
185 2924 283 3001 potius
303 2925 333 2983 in
356 2923 532 2984 contrariam
553 2936 669 3001 partem
690 2927 796 2985 valere.
821 2927 899 2984 Nam
913 2924 1157 3000 interpolatorem

76 3033 110 3092 in
141 3029 321 3090 carminibus
348 3029 501 3090 nobilibus
529 3029 666 3108 notisque
687 3031 801 3091 levibns
822 3029 1036 3090 additamentis
1057 3031 1159 3091 locum

75 3157 221 3216 quaerere
254 3137 285 3196 in
318 3135 461 3196 maiorem
483 3137 607 3213 gloriam
637 3136 731 3215 gentis
755 3156 835 3211 suae,
856 3137 931 3196 nihil
953 3137 1081 3214 amplius
1102 3148 1159 3197 stu·

77 3247 202 3308 dentem
231 3243 288 3303 nisi
313 3254 345 3302 nt
365 3243 462 3320 gentis
483 3245 547 3301 lans
569 3253 620 3302 aut
641 3262 753 3303 nomen
775 3245 880 3302 saltem
901 3242 1005 3320 paucis
1027 3243 1159 3303 versibus

78 3362 342 3430 commemoretur,
372 3347 404 3408 id
436 3359 465 3410 et
495 3369 548 3427 per
578 3369 609 3410 se
641 3349 782 3411 credibile
814 3362 858 3411 est
885 3361 914 3411 et
934 3370 1024 3428 saepe
1047 3354 1159 3412 lactum

81 3460 236 3536 videmus3
268 3469 298 3517 at
320 3456 382 3517 veri
403 3457 499 3516 simile
523 3477 585 3517 esse
607 3477 685 3536 nego
707 3468 804 3535 partes
827 3457 954 3518 maiores
973 3457 1024 3518 hic
1044 3458 1108 3518 illic
1127 3459 1159 3518 in

80 3566 263 3629 carminibus
283 3565 478 3641 interpolatas
500 3583 564 3624 esse
585 3565 772 3642 neglegentia
793 3570 843 3623 aut
863 3563 980 3625 inscitia
1001 3584 1114 3638 eorum,
1143 3585 1160 3624 a

80 3675 190 3752 quibus
210 3672 425 3750 recitabantur3
455 3689 525 3732 cum
546 3670 719 3748 praesertim
741 3673 798 3731 hae
819 3671 1065 3749 interpolationes
1084 3690 1160 3749 quae

80 3782 219 3848 dicuntur
239 3779 331 3839 modo
355 3777 446 3838 alium
464 3777 643 3838 narrationis
664 3777 800 3839 ordinem
817 3777 959 3847 indicent,
975 3778 1068 3840 modo
1083 3777 1160 3838 inter

118 3973 144 4039 t)
162 3972 294 4035 Quaedam
320 3987 350 4020 ex
376 3971 425 4034 his,
451 3971 533 4019 isdem
552 3971 647 4037 verbis,
674 3972 758 4037 itaque
785 3973 901 4022 indidem
924 3982 966 4024 aut
983 3990 1013 4023 ex
1032 3971 1160 4022 communi

82 4057 151 4105 fonte
171 4053 256 4118 petita,
274 4053 342 4118 apud
360 4052 449 4103 Eusth.
468 4052 500 4100 ad
520 4051 595 4102 Iliad.
614 4069 657 4116 pg.
675 4052 699 4102 6.
718 4054 766 4103 Ed.
786 4054 860 4102 Rom.

115 4139 139 4197 2)
159 4136 246 4198 Progr.
265 4133 357 4198 Gymn.
374 4135 456 4196 Jauer.
478 4131 540 4193 1887
559 4140 588 4181 n⁰
609 4131 656 4194 176
674 4149 717 4198 pg.
739 4147 777 4184 10.

116 4217 141 4278 3)
161 4215 194 4263 de
211 4214 350 4264 Aristarch.
368 4231 411 4279 pg.
429 4223 488 4274 447.
