2804 5518
754 386 810 439 124

285 549 398 605 Eorum
429 544 519 622 igitur
547 561 614 602 cum
637 545 745 603 nullius
768 544 855 603 nobis
878 543 1014 602 universa
1035 545 1150 618 placeat
1168 540 1292 606 sententia,

243 652 351 730 partim
374 655 474 709 tamen
496 670 565 708 cum
587 650 622 708 iis
643 651 776 710 facimus.
799 655 903 726 Itaque
917 650 1078 708 Kirchholl
1085 647 1168 707 nobis
1179 645 1294 723 persuasit

245 758 421 818 narrationis
442 775 532 832 quarn
556 759 658 819 Ulixes
680 759 869 834 persequitur
891 758 972 833 apud
994 756 1156 816 Alcinoum
1170 756 1233 813 duas
1245 771 1294 812 esse

246 878 343 943 partes
364 863 524 938 antiquitus
548 883 609 923 non
625 867 820 924 cohaerentes
835 864 889 923 sed
904 885 921 922 a
935 863 1119 923 diasceuasta
1133 862 1295 930 coniunctas;

246 972 285 1030 ab
318 971 426 1029 eodem
457 971 681 1030 Telemachiam
700 968 859 1031 'conexam
891 989 954 1029 esse
987 987 1054 1028 curu
1087 968 1241 1028 narratione
1267 966 1296 1023 de
1377 1031 1378 1054 3

246 1078 343 1138 Ulixis
374 1078 485 1146 reditu;
517 1078 547 1136 in
580 1081 671 1138 altera
703 1092 800 1139 autern
825 1080 978 1154 Odysseae
996 1089 1077 1154 parte
1099 1078 1169 1135 duas
1190 1073 1298 1131 diversas

242 1185 284 1241 -de
315 1184 410 1242 Ulixis
441 1185 533 1260 figura
566 1197 677 1243 mutata
696 1199 734 1244 -et
759 1186 796 1245 de
820 1186 914 1244 caede
937 1201 1097 1261 procorum
1120 1179 1298 1258 expositiones

245 1291 402 1365 permixtas
426 1289 553 1366 reperiri.

287 1396 405 1454 Deinde
438 1396 631 1455 Wilamowitz
654 1398 743 1455 nobis
764 1398 903 1473 probavit
923 1408 1018 1455 toturn
1040 1397 1148 1454 librum
1169 1415 1185 1444 a
1203 1388 1303 1466 exposi-

246 1501 357 1559 tionem
385 1521 447 1560 esse
469 1503 618 1578 sequentis
640 1504 790 1580 Odysseae
812 1523 830 1561 a
851 1503 1036 1561 diasceuasta
1058 1502 1202 1578 additam3
1232 1500 1303 1558 Tele·

246 1607 393 1665 machiam
427 1609 457 1666 in
488 1610 565 1668 libro
598 1611 668 1668 oab
691 1611 798 1668 eodem
823 1611 1005 1669 decurtatam
1028 1629 1091 1668 esse
1113 1619 1145 1668 ut
1166 1627 1227 1666 earn
1247 1622 1304 1662 cum

247 1714 414 1788 antiquiore
446 1715 484 1772 de
512 1715 611 1774 'Ulixis
643 1717 754 1775 Reditu
787 1713 983 1792 coniungeret
1018 1717 1200 1777 narratione:
1233 1711 1305 1770 huius

248 1823 406 1878 nonnullas
438 1834 536 1896 partes
557 1856 597 1865 -·
619 1825 698 1880 velut
719 1823 810 1882 libros
832 1849 855 1885 a,
875 1852 895 1885 ι,
917 1830 932 1877 t
956 1855 992 1866 -
1016 1823 1148 1881 carmina
1168 1821 1248 1896 epica'
1265 1835 1308 1893 per

248 1947 278 1985 se
301 1927 438 1986 absoluta
461 1928 623 2003 (‚‚Epische
644 1929 875 2002 Einzellieder”)
898 1949 972 1987 esse.
1011 1929 1135 1988 Librum
1158 1927 1306 2000 deniquea

247 2052 309 2092 non
341 2053 358 2089 a
390 2032 574 2092 diasceuasta
596 2035 795 2110 compositum
818 2036 870 2094 sed
892 2037 930 2093 ab
953 2055 989 2094 eo
1012 2056 1047 2094 ex
1068 2035 1232 2112 antiquiore
1253 2049 1308 2088 nar·

249 2139 362 2198 ratione
384 2141 574 2198 reformatum
597 2160 670 2200 esse.

289 2246 418 2304 Addidit
449 2248 541 2306 Seeck
573 2248 788 2307 accuratiorem
813 2248 985 2306 ultimorum
1008 2247 1160 2324 Odysseae
1182 2245 1311 2304 librorum

249 2351 488 2410 distinctionem:
504 2370 594 2428 quem
607 2352 757 2428 sequimur
768 2346 1000 2429 coniungentem
1012 2354 1210 2413 narrationem
1220 2345 1314 2426 prioris

248 2459 314 2516 libri
344 2483 359 2513 r
393 2458 482 2534 partis
513 2471 542 2516 et
573 2460 757 2534 sequentium
790 2462 931 2518 librorum
961 2483 1026 2534 φχ,
1059 2460 1142 2518 cuius
1164 2461 1221 2518 hoc
1240 2452 1315 2514 luerit

247 2577 468 2639 argumentum:
496 2565 615 2624 Ulixem
638 2567 676 2624 ab
698 2584 789 2625 uxore
810 2567 942 2644 agnitum
965 2587 1018 2643 per
1039 2565 1222 2642 Eurycliam,
1252 2563 1316 2620 dolo

249 2670 418 2729 certaminis
450 2673 618 2746 composito
650 2673 725 2731 inter
758 2692 819 2740 eos,
851 2675 924 2732 festo
959 2673 1107 2749 Apollinis
1142 2673 1191 2732 die
1218 2666 1318 2747 sagittis

249 2776 430 2835 interfecisse
453 2797 570 2853 procos.
596 2781 671 2837 Item
694 2779 720 2837 ei
742 2778 916 2837 assentimur
940 2779 1073 2855 opinanti
1095 2781 1154 2837 hac
1176 2797 1244 2836 cum
1264 2792 1320 2832 nar·

249 2885 364 2942 ratione
387 2903 531 2942 conexam
555 2904 617 2943 esse
640 2885 727 2944 aliam
750 2887 786 2944 de
808 2886 901 2943 caede
923 2905 1082 2960 procorum
1102 2883 1321 2961 expositionem,

250 2989 415 3048 secundum
430 3009 519 3065 quarn
537 2993 638 3052 Ulixes
653 3012 722 3050 curn
738 2992 799 3051 filio
814 2991 905 3050 hastis
920 2992 1015 3051 adorti
1029 3012 1140 3069 procos
1152 2989 1309 3052 occiderint
1314 3006 1322 3058 ;

250 3115 310 3171 quo
342 3101 422 3156 facto
455 3118 507 3173 per·
537 3099 719 3158 cicatricem
739 3098 843 3158 Ulixes
874 3099 1040 3175 Eurycliae‚
1071 3118 1125 3174 per
1157 3094 1323 3158 memoriam

252 3200 401 3276 praeteriti
422 3204 563 3278 temporis
584 3205 754 3280 Penelopae
776 3207 1000 3280 agnoscendum
1022 3225 1053 3264 se
1075 3205 1254 3282 praebuerit.

293 3310 447 3366 Postremo
469 3327 536 3367 cum
558 3310 612 3369 illo
627 3309 828 3370 consentimus
840 3311 925 3370 huius
937 3330 1034 3371 rursus
1044 3313 1226 3374 narrationis
1237 3321 1327 3390 partes

251 3414 405 3472 ostendere
427 3416 501 3473 duas
532 3416 663 3475 diversas
689 3417 807 3477 iunctas
829 3420 946 3486 formas,
978 3435 1103 3493 quarum
1128 3423 1221 3479 altera
1241 3429 1327 3476 trans·

251 3518 455 3594 figurationem
479 3521 574 3581 Ulixis
595 3524 742 3601 habuerit,
764 3525 848 3601 quod
863 3536 1047 3583 momentum
1062 3528 1103 3586 ab
1116 3530 1212 3587 altera
1223 3524 1328 3586 aluerit.

251 3628 403 3684 Praeterea
435 3647 506 3687 vero
539 3631 623 3704 quod
656 3633 752 3689 Seeck
786 3631 816 3689 in
850 3643 950 3691 nostra
971 3632 1110 3707 Odyssea
1132 3647 1232 3710 partes
1253 3641 1329 3710 putat

252 3733 389 3791 denotari
410 3752 497 3808 posse
517 3734 604 3810 ipsas,
627 3754 702 3812 quae
717 3737 839 3814 singulis
852 3737 910 3796 illis
923 3740 1145 3800 narrationibus
1161 3744 1330 3804 debeantur,

252 3837 282 3896 in
304 3858 340 3896 eo
363 3841 539 3899 sententiam
563 3842 625 3901 eius
647 3847 772 3919 probare
795 3864 854 3903 non
877 3863 1043 3920 possumus.

294 3947 369 4004 Mihi
391 3957 491 4005 autem
513 3968 683 4024 persuasum
706 3964 750 4011 est
771 3953 901 4011 fabulam
914 3952 1059 4026 Ulixeam,
1083 3959 1172 4032 quod
1195 3958 1236 4017 ad
1259 3970 1333 4030 argu·

253 4065 386 4111 mentum
408 4053 511 4112 attinet
532 4057 614 4115 omni
636 4061 749 4134 populo
773 4071 884 4134 notam,
906 4062 945 4119 ab
968 4061 1081 4138 origine
1104 4064 1235 4144 singulis
1249 4061 1334 4143 epicis

255 4161 434 4220 carminibus
455 4173 602 4223 cantatam
626 4184 689 4225 esse
707 4166 869 4243 argumenti
885 4168 1073 4243 expositione
1085 4174 1189 4250 magis
1208 4176 1335 4234 minusve
