2928 4886
805 425 842 480 32

283 598 312 646 et
335 587 533 664 supplementi
557 587 685 647 auctoris
705 597 735 646 et
757 585 958 645 diasceuastae
971 590 1193 666 supplementa3
1213 595 1287 650 test
1299 613 1374 650 car-

283 712 351 752 men
374 692 492 768 epicum
514 697 574 770 (pg.
598 698 678 768 500),
709 719 721 747 ο
740 712 807 770 pars
828 693 1052 768 Telemachiae,
1075 717 1096 749 rr
1114 697 1152 754 ad
1164 700 1373 774 supplementi

280 810 441 868 auctorem,
473 823 488 868 ρ
516 799 621 876 partim
644 799 684 858 ad
705 800 939 876 Telemachiam,
972 801 1079 877 partim
1101 803 1140 861 ad
1162 806 1371 880 supplementi

281 918 431 968 auctorem
452 907 578 984 pertinet
599 910 659 984 (pg.
684 910 771 983 509);
795 906 961 966 acontinet
982 909 1115 968 carmina
1136 911 1223 987 epica
1245 914 1285 970 ab
1310 913 1371 972 illo

282 1014 444 1074 coniuncta
454 1013 515 1094 (pg.
529 1016 610 1092 518),
621 1016 690 1076 item
705 1041 720 1068 τ
733 1019 792 1092 (pg.
808 1021 895 1093 521);
916 1037 932 1070 v
945 1016 984 1076 ad
995 1016 1195 1093 supplementi
1207 1029 1368 1077 auctorem

282 1119 434 1196 pertineto
447 1131 476 1180 et
490 1142 507 1188 χ
527 1121 673 1181 eduobus
690 1122 783 1198 epicis
799 1122 980 1182 carminibus
995 1122 1113 1181 formati
1135 1133 1211 1197 sunt,
1231 1143 1369 1199 quorum

281 1229 406 1285 alterum
420 1227 584 1287 Kirchhoff
594 1227 670 1309 dicit
684 1228 823 1288 habuisse
835 1249 919 1289 arcus
932 1239 1082 1288 certarnen
1093 1241 1122 1288 et
1133 1230 1240 1288 caedes
1251 1250 1367 1307 proco-

281 1353 346 1392 rum
361 1333 391 1391 in
403 1335 471 1393 luco
482 1334 632 1410 Apollinis
643 1336 754 1412 factaS‚'
762 1353 830 1393 cum
848 1335 878 1393 in
893 1338 986 1396 altero
1001 1336 1084 1396 domi
1095 1337 1191 1396 Ulixis
1202 1338 1286 1413 proci
1299 1339 1371 1398 aliis

282 1439 348 1498 telis
364 1439 615 1501 interficerentur:
642 1441 695 1500 sed
709 1441 790 1518 prius
805 1461 924 1501 carmen
940 1443 1051 1502 auctori
1066 1443 1274 1519 supplementi,
1289 1445 1366 1504 alio·

280 1547 352 1622 quin
367 1547 498 1606 fontibus
514 1547 574 1606 suis
589 1549 666 1607 bene
681 1565 745 1621 uso,
767 1548 866 1608 minus
879 1551 959 1608 clare
969 1549 1070 1609 ammo
1082 1551 1272 1633 obversatum
1284 1570 1366 1611 esse.

279 1651 359 1732 (pag.
383 1657 463 1731 526).
485 1683 505 1726 ψ
527 1654 600 1713 dicit
620 1655 660 1714 ab
679 1666 801 1714 auctore
819 1655 1025 1732 supplementi,
1041 1655 1367 1733 madiasceuastaipso

281 1761 497 1837 compositum:
512 1762 675 1840 namquod
685 1763 724 1822 ad
738 1761 832 1823 Ulixis
846 1772 876 1821 et
886 1765 1010 1822 Laertae
1032 1768 1279 1847 α’ναηοωρισμόν
1291 1765 1367 1823 atti·

281 1878 340 1942 net,
364 1870 476 1927 nullam
498 1889 617 1928 causam
634 1890 698 1930 esse
710 1881 794 1946 putat
805 1869 968 1928 Kirchhoff
974 1889 1026 1930 cur
1037 1889 1099 1930 non
1110 1871 1271 1930 tribuamus
1283 1871 1367 1932 dias-

280 1986 418 2034 ceuastae
437 1977 609 2036 facultatem
621 1974 716 2053 pulcri
726 1976 876 2035 interdum
888 1976 1028 2036 carminis
1039 1976 1175 2036 faciendi.
1199 1983 1258 2054 (pg.
1276 1995 1313 2054 53
1318 1984 1365 2056 3).

320 2085 384 2140 Has
416 2102 483 2141 suas
515 2083 675 2142 sententias
696 2083 854 2143 Kirchhoff
877 2083 908 2141 in
930 2084 1152 2147 commentariis
1177 2087 1276 2160 ampla
1300 2085 1365 2144 dis-

280 2188 432 2266 putatione
464 2189 576 2248 studuit
609 2190 822 2266 comprobare3
855 2208 872 2247 e
900 2189 1008 2267 quibus
1036 2193 1066 2250 II
1091 2202 1119 2249 et
1143 2193 1185 2250 IV
1207 2201 1298 2268 agunt
1321 2194 1364 2252 de

280 2296 464 2372 temporibus
489 2296 636 2355 liniendis.
672 2299 775 2356 Exstat
798 2297 879 2372 apud
901 2298 1086 2358 Eustathium
1107 2299 1146 2357 ad
1167 2323 1189 2356 π
1215 2303 1270 2358 118
1297 2304 1363 2377 (pg.

283 2406 359 2480 1796
380 2404 427 2461 ed.
449 2401 553 2482 Rom.)
573 2405 773 2480 fragmentum
795 2403 924 2464 Hesiodi
946 2405 1011 2481 (frg.
1034 2425 1073 2480 34
1094 2405 1243 2480 Kinkel):

414 2563 593 2648 Τηλεμάχῳ
618 2558 699 2644 duta
726 2565 854 2627 ἔτικτον
879 2563 1015 2640 ἐύζωνος
1040 2564 1251 2650 Πολυκάστη,

416 2678 583 2760 Νέστορος
607 2679 772 2761 ὁπλοτάτη
798 2682 895 2762 κούρη
920 2676 1130 2762 Νηληιάδαο,

413 2792 615 2874 Περσέπολιν
638 2800 794 2877 μιχθεῖσα
821 2793 876 2856 διὰ
903 2791 1039 2878 χρυσέην
1066 2790 1272 2877 Ἀφροδίτην

319 2945 389 3003 Hoc
409 2943 598 3002 Kirchhoffio
620 2943 766 3019 pertinere
788 2941 905 3002 videtur
921 2941 961 3002 ad
978 2967 995 3010 r
1014 2945 1074 3015 464
1095 2943 1322 3018 (Telemachum
1341 2967 1363 3004 a

278 3054 435 3129 Polycasta
463 3053 605 3126 lavatum)
627 3070 704 3126 quae
726 3069 793 3127 pars
817 3069 885 3109 cum
910 3051 1053 3108 debeatur
1067 3050 1277 3124 diasceuastae,
1294 3072 1362 3113 non

276 3159 333 3237 ipsi
354 3159 564 3218 Telemachiae
585 3158 709 3232 auctori,
731 3158 781 3236 qui
803 3176 903 3217 versus
923 3158 1060 3217 laudatos
1081 3158 1193 3236 panxit,
1214 3158 1237 3218 is
1258 3159 1361 3220 iudice

278 3268 467 3327 Kirchhoffio
489 3286 555 3326 earn
578 3267 731 3343 Odysseae
745 3267 870 3325 formam
885 3263 969 3324 novit
983 3283 1073 3342 quarn
1088 3265 1271 3325 diasceuasta
1285 3287 1360 3327 con·

278 3375 380 3434 stituit.
403 3373 519 3449 Quodsi
540 3373 573 3432 id
595 3375 792 3450 fragmentum
808 3371 847 3430 ad
857 3373 937 3432 ans
949 3371 1093 3447 pertineat
1106 3407 1142 3416 -
1154 3391 1244 3431 unam
1256 3383 1359 3433 autem

278 3501 314 3540 ex
335 3482 406 3541 Eois
427 3482 465 3539 de
488 3480 634 3540 erroribus
655 3479 752 3540 Ulixis
773 3496 891 3554 prorsus
912 3478 1021 3537 eodem
1040 3479 1133 3539 modo
1149 3497 1208 3558 quo
1223 3490 1357 3541 nostram

279 3589 444 3664 Odysseam
466 3586 560 3665 egisse
574 3587 681 3665 probat
694 3589 734 3645 K.
749 3607 798 3664 pg.
812 3605 870 3662 3²0
885 3619 923 3630 -
939 3603 1008 3644 cum
1024 3585 1055 3645 in
1070 3585 1106 3645 iis
1121 3586 1205 3646 urbis
1220 3588 1360 3663 Cyrenae

279 3697 327 3755 01.
359 3695 523 3754 XXXVIII
555 3694 695 3755 conditae
728 3694 844 3751 fabulae
864 3691 1067 3771 respiciantur,
1087 3693 1159 3754 inde
1178 3693 1260 3770 sequi
1283 3693 1359 3754 dicit

278 3809 346 3860 ante
369 3802 418 3861 Ol.
438 3804 464 3860 L
481 3812 612 3860 nostram
628 3800 793 3876 Odysseam
809 3797 954 3874 extitisse3
977 3799 1022 3858 sin
1033 3799 1131 3876 potius
1141 3801 1180 3859 ad
1195 3779 1359 3878 Catalogos

277 3909 465 3968 referendum
496 3908 541 3981 sit,
573 3927 643 3967 curn
674 3905 763 3965 etiam
792 3905 928 3982 Catalogi
953 3915 1074 3984 propter
1094 3908 1144 3965 Ius
1165 3906 1298 3966 fabulam
1320 3927 1358 3966 ea

277 4017 370 4074 forma
399 4028 547 4075 narratam
575 4033 652 4094 quae
673 4023 740 4090 post
761 4016 931 4091 Aegyptum
953 4033 970 4072 a
993 4014 1211 4074 Psammeticho
1234 4014 1360 4075 Graecis

277 4132 409 4198 apertam
430 4132 500 4180 nata
520 4131 572 4194 est,
597 4120 650 4180 diu
664 4131 732 4198 post
745 4121 835 4180 XXX
860 4122 908 4180 Ol.
924 4121 1055 4182 confecti
1070 4141 1134 4181 esse
1149 4121 1176 4180 ei
1190 4121 1360 4198 videantur,

277 4226 424 4305 utrimque
445 4226 526 4286 idem
547 4229 609 4287 fere
633 4237 750 4304 tempus
772 4227 910 4286 constitui
933 4227 1076 4302 opinatur.
