2884 4880
564 431 600 504 85

81 633 153 671 versu
181 612 255 687 Ἠὼς
293 608 321 677 δ’
356 612 390 675 ἐκ
426 609 544 695 λεχέων
577 605 653 693 παρ’
687 611 811 690 οἷγαοοῦ
837 619 1003 680 Τιθωνοῖο
1027 646 1063 655 -
1087 611 1127 670 ad

78 719 236 795 probandum
268 716 356 774 fuisse
378 715 416 774 de
439 713 579 773 heroibus
601 727 632 772 ut
654 713 692 772 de
714 713 773 772 diis
794 715 908 774 fabulas
929 720 1074 792 quasdam
1096 718 1127 778 in

78 846 124 885 ore
151 824 244 901 populi,
277 843 332 882 nec
366 841 415 880 eas
447 840 550 881 omnes
583 823 751 879 Homerum
774 820 932 883 invenisse.
976 825 1035 885 Sed
1058 845 1126 885 curn

75 943 167 993 contra
192 929 316 990 Niesium
350 929 443 987 multa
474 927 597 1003 proferri
625 939 759 1004 possunt,
791 929 936 1006 imprimis
958 942 1126 991 memoratu

73 1040 180 1117 dignum
200 1037 320 1112 videtur,
341 1036 423 1110 quod
448 1033 642 1094 Wilamowitz
657 1055 707 1110 pp.
720 1055 779 1114 409
792 1055 857 1113 sqq.
870 1036 941 1096 dixit
952 1039 990 1096 de
1003 1038 1127 1098 nomine

70 1144 203 1204 Briseidos
229 1145 258 1201 in
290 1141 392 1201 Iliadis
422 1141 500 1202 libro
532 1147 569 1203 A.
612 1142 703 1217 Quod
733 1161 845 1203 nomen
874 1143 997 1204 ductum
1023 1156 1066 1204 est
1088 1147 1126 1204 ab

68 1252 142 1311 urbis
162 1260 256 1338 Βρῖσα
282 1248 342 1308 sive
367 1257 482 1334 Βρῆσα
497 1249 542 1321 (C.
555 1250 579 1306 I.
594 1249 631 1308 G.
647 1252 736 1321 2042)
751 1249 882 1324 nomine,
897 1250 1015 1326 quaein
1029 1250 1127 1311 insula

66 1361 158 1419 Lesbo
179 1358 226 1417 sita
244 1367 302 1416 est:
327 1360 464 1441 Βρισηὶς
487 1354 575 1433 igitur
597 1365 640 1413 est
662 1354 799 1430 „captiva
820 1376 856 1416 ex
879 1359 951 1418 urbe
972 1357 1073 1418 Brisa'’
1096 1369 1127 1418 ut

62 1471 167 1544 Γέτις,
189 1467 336 1542 Κίλισσα,
360 1469 491 1550 Θρᾷττα
514 1474 543 1521 et
558 1467 705 1550 Χρυσηίς
721 1465 838 1540 captiva
859 1485 895 1524 ex
913 1467 986 1526 urbe
1003 1468 1126 1545 Chrysa.

60 1577 134 1634 Cum
153 1585 324 1650 postremum
346 1588 456 1629 nomen
471 1569 560 1628 etiam
574 1590 627 1645 pro
639 1570 700 1628 filia
711 1571 853 1649 Chrysae,
875 1572 974 1632 herois
985 1575 1126 1650 eponymi

60 1682 134 1739 urbis
161 1681 284 1756 Chrysae
307 1679 346 1750 (A
372 1674 441 1756 ιιι)
463 1675 560 1753 accipi
581 1687 690 1752 posset,
719 1676 790 1736 item
815 1684 951 1766 Βρισηίς
973 1691 1126 1757 tamquam

60 1790 133 1859 „filia
161 1784 287 1845 Briseos'’
310 1789 421 1871 (κούρη
446 1792 587 1870 Βρισῆος
610 1789 635 1836 A
655 1804 712 1861 39²
736 1789 755 1838 Ι
778 1783 847 1863 13²)
871 1785 1076 1861 accipiebatur
1098 1800 1127 1846 et

60 1895 115 1952 tius
146 1894 212 1952 urbs
241 1893 347 1950 Thebe
380 1893 427 1949 vel
452 1893 615 1967 Lyrnessus
637 1891 679 1964 (in
701 1891 817 1968 Cypriis
841 1905 940 1952 autem
967 1895 1126 1971 Pedasum)

60 2001 211 2060 licebatur.
240 2001 369 2057 Insulam
391 1998 522 2056 Lesbum
539 1998 672 2056 Achilles
686 2017 869 2076 expugnasse
885 1999 992 2058 dicitur
1006 2001 1083 2061 libro
1098 2007 1126 2069 1,

60 2127 107 2185 pua
131 2107 161 2166 in
181 2091 372 2182 expeditione
395 2102 551 2162 verisimile
575 2114 618 2163 est
639 2116 787 2163 narratum
814 2106 902 2165 luisse
926 2123 994 2165 eum
1022 2109 1125 2167 urbem

60 2216 159 2272 {risam
194 2212 307 2289 cepisse
342 2222 372 2271 et
402 2210 473 2269 inde
504 2211 666 2270 Briseidem
696 2232 797 2272 secum
821 2213 948 2272 duxisse.
992 2217 1126 2291 Apparet

60 2321 132 2398 gitur
155 2319 185 2378 in
210 2330 274 2378 tota
296 2318 391 2376 Iliade
414 2316 559 2394 originem
583 2317 662 2376 illius
682 2319 812 2378 nominis
833 2320 1033 2396 obscuratam,
1055 2340 1126 2380 mox

59 2427 133 2486 tiam
155 2444 266 2486 nomen
289 2424 384 2500 ipsum
407 2425 481 2482 falso
505 2423 683 2499 explicatum
706 2445 787 2484 esse:
810 2446 871 2486 non
889 2427 978 2503 igitur
991 2428 1124 2486 fabulam

60 2537 121 2592 lam
147 2531 263 2592 invenit
286 2541 384 2607 poeta,
407 2549 497 2608 quam
518 2530 657 2590 traditam
679 2551 716 2590 ne
740 2532 922 2592 intellexisse
944 2533 1066 2608 quidem
1089 2553 1125 2592 ex

61 2639 121 2698 mni
144 2650 228 2715 parte
251 2637 365 2696 videtur
384 2644 419 2712 r).
443 2638 529 2694 Haec
542 2637 643 2695 omnia
656 2647 760 2696 contra
773 2637 923 2715 Niesium3
946 2639 984 2698 de
995 2639 1126 2715 Cyclicis

61 2759 137 2806 rtem
163 2744 347 2805 carminibus
368 2762 458 2803 nemo
480 2762 541 2802 non
565 2743 746 2802 contrarium
769 2744 832 2804 eius
853 2744 936 2819 quod
958 2745 1008 2804 ille
1026 2745 1126 2804 statuit

61 2855 134 2912 det:
158 2853 258 2912 sicubi
281 2851 312 2910 in
335 2850 428 2910 Iliade
450 2861 500 2908 aut
522 2849 657 2925 Odyssea
681 2863 764 2910 extra
784 2851 921 2912 ordinem
943 2852 983 2910 ad
1001 2851 1126 2912 Troicas

61 2973 79 3017 {t
115 2961 158 3017 ad
189 2959 351 3017 Thebanas
372 2976 417 3015 res
438 2955 616 3032 pertinentia
639 2957 831 3034 attinguntur,
856 2958 901 3017 his
923 2958 1125 3018 mentionibus

61 3065 132 3124 terri
155 3067 199 3124 ad
224 3065 357 3123 carmina
370 3062 553 3122 auditoribus
568 3074 649 3140 nota,
671 3082 749 3139 quae
760 3064 875 3140 plenius
891 3085 957 3124 eam
970 3064 1124 3124 materiam

61 3182 271 3246 rsequantur;
294 3172 373 3228 hanc
394 3168 547 3228 materiam
569 3168 657 3245 igitur
677 3169 773 3246 ipsam
793 3170 948 3243 exstitisse,
963 3179 1123 3245 antequam

61 3297 94 3336 re
104 3276 351 3336 Homericorum
360 3275 525 3334 carminum
532 3285 629 3352 partes
638 3290 898 3353 componerentur.
909 3281 1011 3354 Itaque
1019 3279 1124 3335 frustra

61 3383 196 3442 otendit
220 3383 311 3442 Niese
335 3402 452 3441 carmen
474 3381 628 3458 Cyclicum
650 3389 715 3452 uim
734 3391 874 3452 Νόστων
893 3403 930 3442 ex
944 3383 1123 3458 quibusdam

61 3511 98 3548 ae
135 3490 171 3548 in
211 3492 367 3566 Odysseae
397 3489 478 3548 libris
499 3517 527 3561 y,
560 3496 802 3548 &memorentur
823 3501 919 3548 ortum
941 3509 1022 3548 esse:
1054 3508 1124 3547 nam

61 3617 80 3655 n
108 3598 217 3656 modo
254 3617 291 3658 ex
322 3595 468 3673 excerptis
490 3595 598 3664 Procli,
632 3595 739 3672 quibus
760 3595 823 3654 eius
844 3596 990 3655 sententia
1011 3592 1133 3670 nititur,'

61 3726 74 3762 r
116 3704 200 3764 satis
238 3714 351 3763 certum
385 3702 528 3762 iudicium
561 3702 598 3760 de
626 3701 703 3778 cycli
725 3702 908 3762 carminibus
929 3703 996 3761 ferri
1017 3712 1123 3778 potest,

100 3811 212 3870 etiam
255 3811 285 3869 in
322 3810 401 3870 illius
435 3809 573 3868 carminis
606 3818 779 3886 argumento
809 3811 952 3870 nonnulla
978 3829 995 3868 a
1018 3810 1125 3868 Proclo

61 3928 245 3976 morantur
278 3936 354 3995 quae
387 3918 494 3976 absunt
526 3916 564 3974 ab
588 3914 738 3992 Odyssea3
770 3916 812 3976 ita
833 3929 865 3976 ut
887 3918 1040 3994 Odysseae
1064 3913 1125 3975 loci

85 4172 200 4221 Simile
217 4173 321 4238 aliquid
335 4171 416 4220 attulit
429 4171 525 4220 Usener
544 4173 592 4230 „de
615 4173 705 4222 Iliadis
724 4175 835 4223 carmine
853 4175 963 4242 quodam
981 4173 1124 4224 PhocaIco'’

62 4254 193 4320 [undam
217 4253 281 4304 loco
301 4254 327 4305 in
346 4254 412 4302 libro
431 4253 466 4304 A.
