2928 4886
632 399 666 454 13

103 567 279 639 vituperato
293 574 455 638 procorum
477 561 643 624 insolentia,
666 557 835 616 mendicum
858 557 965 617 arcessi
990 557 1081 621 iubet.
1125 556 1184 616 Hic

104 681 208 728 autem
240 687 347 744 procos
381 678 514 725 metuens
544 685 581 724 ne
613 685 644 724 se
676 685 728 741 per
749 667 892 724 conclave
914 676 1034 724 euntem
1054 665 1186 738 laedant,

104 795 161 852 per
191 778 355 834 Eumaeum
387 773 536 833 renuntiat
567 791 597 831 se
628 774 716 832 malle
752 772 874 849 vesperi,
907 773 1005 849 procis
1036 771 1186 849 prosectis,

103 885 204 942 solum
225 901 292 942 cum
314 885 378 941 sola
403 879 545 958 colloqui.
589 879 682 955 Quod
704 878 755 938 ubi
776 879 897 957 reginae
919 880 1079 956 probatum
1094 879 1186 954 videt,

104 993 256 1048 Eumaeus
286 989 501 1047 Telemachum
534 987 658 1064 periculi
690 1007 708 1045 a
739 987 839 1063 procis
870 985 1004 1046 instantis
1033 987 1187 1055 admonet,

104 1115 233 1171 canaque
262 1096 433 1170 vespertina
464 1102 591 1168 sumpta,
616 1109 685 1150 cum
708 1093 791 1168 proci
813 1103 903 1151 cantu
926 1103 956 1150 et
977 1093 1114 1152 saltando
1137 1095 1189 1151 de-

105 1205 261 1274 lectantur,
290 1200 329 1259 ad
351 1219 451 1259 casam
475 1219 558 1258 suam
579 1197 663 1257 redit.
686 1199 921 1275 -Supervenit
944 1201 1010 1258 Irus
1032 1199 1190 1259 mendicus

104 1308 160 1385 qui
189 1307 336 1384 hospitem
371 1307 410 1366 ad
442 1325 573 1384 pugnam
604 1305 736 1380 lacessit3
766 1305 892 1380 fauente
922 1308 1050 1364 Antinoo
1071 1306 1189 1382 hospeS,

105 1414 221 1474 viribus
258 1393 360 1473 anctus
392 1435 410 1472 a
441 1413 590 1487 Minerva,
621 1432 689 1472 cum
724 1432 762 1472 eo
796 1411 987 1488 congreditur
1016 1411 1189 1489 victumque

105 1525 189 1582 foras
210 1521 307 1580 trahit.
351 1519 634 1598 Congratulantibus
656 1519 762 1596 procis,
784 1517 1020 1594 Amphinomum
1044 1519 1189 1595 imprimis

105 1629 137 1688 ei
161 1630 327 1687 studentem
351 1629 458 1704 hospes
480 1648 497 1686 a
520 1627 604 1686 malis
627 1625 787 1702 propositis
808 1626 958 1685 deducere
980 1627 1087 1685 frustra
1101 1645 1190 1686 cona·

104 1748 164 1794 tur.
208 1736 288 1792 Dum
319 1736 394 1793 haec
425 1745 560 1811 aguntur,
593 1735 743 1809 Penelope
774 1753 792 1790 a
825 1733 960 1792 Minerva
993 1731 1116 1791 incitata
1150 1733 1190 1791 ad

105 1841 251 1900 visendos
293 1859 411 1916 procoS,
443 1851 476 1898 ut
507 1859 608 1898 eorum
642 1837 758 1897 animos
791 1838 941 1914 expandat
972 1847 1000 1897 et
1028 1858 1048 1896 a
1079 1841 1191 1897 marito

102 1951 229 2025 filioque
261 1950 402 2006 maiorem
434 1949 522 2004 etiam
554 1946 669 2004 laudem
701 1952 894 2021 consequatur
926 1964 996 2002 cum
1020 1947 1191 2021 Eurynome

104 2056 269 2116 consilium
298 2071 382 2113 suum
406 2051 618 2126 communicat,
640 2050 781 2142 simulans
803 2071 834 2111 se
855 2051 1027 2112 Telemachi
1049 2053 1192 2112 monendi

104 2182 200 2222 causa
225 2162 445 2224 descensuram.
489 2162 553 2230 Illa,
573 2161 707 2237 prolata
727 2163 822 2222 animi
842 2162 929 2219 hattus
948 2165 1109 2220 mutatione
1129 2182 1191 2220 eum

103 2273 170 2330 iam
200 2271 289 2346 filius
322 2269 444 2326 adultus
482 2270 540 2340 sit,
575 2265 696 2325 ancillas
726 2267 766 2325 ad
801 2266 1006 2326 comitandam
1038 2267 1191 2328 dominam

104 2385 250 2436 vocatum
283 2373 354 2432 abit.
398 2371 522 2432 Interim
556 2371 689 2431 Minerva
722 2373 892 2448 Penelopae
925 2373 1097 2449 consopitae
1129 2375 1193 2450 pul·

106 2479 289 2541 critudinem
324 2490 422 2556 auget.
471 2480 517 2537 Ex
550 2497 658 2537 somno
686 2487 786 2537 antem
818 2478 946 2538 excitata
979 2479 1194 2539 comitantibus

106 2587 227 2646 ancillis
261 2585 418 2645 descendit
449 2585 489 2644 ad
520 2605 628 2661 procos
659 2583 710 2662 qui
742 2588 838 2645 forma
863 2587 943 2662 capti
965 2586 1106 2664 cupidine
1130 2588 1193 2646 eius

105 2693 317 2753 exardescunt.
366 2691 416 2750 Ad
454 2693 668 2755 Telemachum
703 2711 847 2752 conversa
883 2696 1035 2771 Penelope
1070 2696 1194 2754 obscura

104 2801 253 2878 quaedam
286 2801 419 2874 loquitur
446 2800 481 2856 de
500 2800 613 2875 hospite
635 2801 756 2868 violato,
778 2800 936 2877 increpans
957 2801 1009 2860 lilii
1031 2801 1192 2879 ignaviam.

107 2907 174 2983 Qui
214 2926 245 2964 se
287 2925 432 2965 excusans
466 2915 587 2980 propter
618 2904 873 2981 importunitatem
904 2926 1075 2983 procorum.
1108 2908 1194 2967 addit

106 3035 175 3073 rem
206 3033 263 3070 nou
295 3033 331 3071 ex
361 3015 481 3070 illorum
512 3015 664 3071 uoluntate
692 3024 819 3088 gestam,
842 3015 896 3073 sed
914 3017 994 3072 Irum
1016 3016 1055 3073 ab
1076 3015 1193 3092 hospite

109 3118 196 3179 omni
229 3118 362 3195 corporis
393 3119 501 3177 robore
532 3118 689 3194 spoliatum
720 3105 800 3193 esse3
838 3123 919 3197 quoal
946 3123 1013 3179 deos
1040 3129 1132 3196 rogat
1161 3133 1195 3180 ut

106 3231 180 3287 item
205 3227 310 3302 procis
336 3227 409 3302 fiat.
451 3228 512 3284 His
543 3229 586 3283 ita
617 3229 841 3302 colloquentibus
868 3228 1073 3303 Eurymachus
1098 3227 1195 3286 admi-

108 3332 257 3392 rationem
292 3349 374 3390 snam
408 3333 576 3409 Penelopae
606 3331 704 3392 verbis
735 3333 867 3392 ostendit
875 3356 884 3408 3
905 3335 1013 3410 quibus
1034 3335 1195 3412 repudiatis

109 3441 264 3515 Penelope
297 3438 354 3496 iam
389 3438 446 3497 sibi
478 3439 570 3514 diem,
603 3439 641 3498 ad
670 3457 781 3498 novum
804 3441 1025 3502 matrimonium
1047 3443 1085 3501 ab
1111 3441 1195 3501 Ulixe

112 3545 312 3624 proficiscenti
335 3545 511 3622 indicatum,
534 3545 689 3604 advenisse
712 3545 816 3604 dicens
839 3549 969 3623 queritur
991 3568 1100 3624 procos
1114 3549 1193 3609 inso·

113 3655 171 3712 lrto
204 3653 293 3710 modo
325 3651 416 3728 ipsius
447 3653 528 3712 bona
559 3652 729 3720 comedere,
760 3653 841 3728 ipsos
873 3654 952 3718 dona
976 3657 1059 3714 nulla
1079 3657 1194 3715 offerre.

114 3761 237 3822 Gaudet
272 3761 376 3820 Ulixes
407 3762 514 3818 uxoris
544 3761 610 3817 dolo
641 3763 777 3835 cognata·
806 3761 887 3820 dona
908 3763 947 3822 ab
969 3763 1105 3823 Antinoo
1127 3763 1195 3823 reli·

111 3866 238 3944 quisque
270 3865 369 3942 procis
402 3868 575 3942 offeruntur,
595 3866 702 3941 quibus
724 3867 840 3945 adeptis
862 3871 1013 3946 Penelope
1035 3870 1106 3930 abit.
1149 3871 1201 3930 At

111 3981 229 4032 cantum
260 3976 504 4050 collationemque
533 3995 563 4032 se
593 3976 775 4033 vertentibus
796 3979 901 4052 procis
933 3977 1057 4035 ancillas
1089 3983 1197 4054 hospes

112 4079 188 4139 lucis
220 4080 412 4156 praebendae
443 4098 563 4140 munere
595 4083 744 4140 levaturus
774 4083 947 4161 obiurgatur
978 4104 995 4143 a
1030 4086 1197 4160 Melanth0‚

113 4189 203 4246 Dolt'i
227 4188 310 4263 filia,
344 4188 522 4265 Eurymachi
547 4188 654 4266 amica,
675 4187 828 4248 fortiorem
849 4207 940 4268 quam
961 4194 1041 4249 Irum
1063 4191 1198 4250 adversa·
