2928 4886
664 407 701 466 45

135 581 199 630 tum
222 570 261 629 de
286 571 396 629 unitate
418 569 582 628 carminum
605 581 656 628 aut
677 571 715 629 de
738 590 864 646 persona
881 581 987 646 poetae
1002 568 1139 628 dubitare
1156 589 1217 628 non

135 677 218 737 soliti
249 696 319 752 prae
341 676 472 752 plurimis
493 676 720 753 splendentibus
745 679 876 736 maculas
897 695 1006 752 paucas
1028 677 1220 734 excusabant.
1276 661 1298 676 ’Δ

134 783 194 844 His
225 783 312 861 igitur
343 785 449 842 frustra
481 783 670 842 Kirchholtio
709 784 878 856 oblocutus,
911 782 985 857 Sittl,
1018 781 1222 859 neglegentius

134 889 233 948 relatis
254 889 379 948 aliorum
403 891 447 964 (ut
467 890 634 948 Steinthalii
655 910 703 966 pg.
729 893 776 965 76,
797 889 952 948 Kammeri
974 909 1021 966 pg.
1038 890 1089 967 97)
1106 899 1221 948 senten-

134 995 192 1065 tiis,
225 996 262 1054 G.
295 994 462 1052 Hermanni
495 995 589 1070 (apud
623 994 829 1067 Friedlander,
853 996 939 1054 Anal.
963 997 1055 1054 Hom.
1078 1015 1126 1072 pg.
1149 997 1222 1072 479)

134 1101 311 1178 opinionem
333 1104 472 1179 sequitur,
496 1103 626 1163 eicientis
648 1109 680 1164 et
702 1127 718 1156 α
732 1105 800 1182 '292
817 1093 937 1176 (πολλὰ
950 1092 1025 1174 μάλ’
1090 1093 1219 1176 δοῦναι)

135 1221 166 1266 et
199 1229 216 1266 a
249 1213 388 1286 275—78
421 1210 472 1268 ubi
504 1223 636 1269 narratur
665 1210 703 1270 de
735 1211 915 1271 dimittenda
936 1222 1029 1268 matre
1050 1208 1218 1270 consilium.

135 1317 183 1372 Ita
213 1327 313 1373 tamen
346 1336 363 1370 v
407 1333 464 1393 279
495 1306 557 1389 (σοὶ
593 1307 728 1391 δ’ὰύτῴ.
746 1321 814 1392 etc.)
838 1336 899 1376 nou
923 1315 1019 1392 aptius
1041 1315 1136 1374 versui
1162 1334 1219 1389 274

135 1410 333 1495 (μνηστῆρας
355 1415 416 1493 μὲν
450 1427 521 1497 etc.)
551 1423 685 1482 succedit
715 1441 804 1499 quam
826 1441 906 1481 nunc
927 1421 1053 1499 accidit3
1086 1421 1221 1497 nihilque

133 1529 251 1605 proficit
280 1530 347 1588 Sittl
378 1531 474 1588 verbis
506 1525 553 1584 ool
582 1517 703 1604 δἀὐτῷ
730 1529 847 1589 mutatis
878 1528 908 1588 in
931 1520 1033 1601 αὐτάρ
1061 1545 1112 1583 τοι
1138 1527 1221 1606 (coll.

115 1639 164 1688 ·Φ
199 1641 286 1711 293);
320 1655 418 1712 neque
449 1635 541 1714 igitur
575 1637 742 1696 Hermanni
766 1635 903 1696 athetesis
927 1637 1005 1695 tollit
1026 1635 1221 1695 offensionem

136 1741 325 1801 Kirchhoifii.
350 1745 545 1802 Kammerum
568 1743 634 1802 Sittl
655 1741 787 1818 sequitur
807 1743 836 1800 in
860 1742 1002 1802 eiciendo
1028 1744 1119 1803 altero
1135 1745 1222 1818 loc03

136 1867 227 1926 quem
250 1850 444 1925 arhapsodis
465 1850 615 1910 adiectum
637 1870 700 1909 esse
722 1849 857 1927 perhibet
878 1849 1016 1927 quotiens
1038 1871 1056 1908 a
1069 1850 1222 1909 recitando

135 1959 213 2019 libro
246 1982 263 2011 a
292 1959 389 2016 statim
416 1958 567 2018 transirem
585 1959 632 2039 'ad
654 1983 677 2025 ε,
702 1967 733 2016 ut
754 1976 831 2035 quae
853 1955 885 2015 in
906 1955 1075 2016 narratione
1096 1957 1223 2017 interve-

137 2066 249 2125 nissent
270 2065 397 2124 breviter
418 2064 624 2142 significarent.
647 2065 732 2138 Quae
756 2063 828 2123 mihi
850 2063 1020 2122 transeundi
1042 2063 1117 2124 ratio
1139 2064 1221 2124 vide-

137 2186 184 2232 tur
206 2171 362 2246 mirabilis;
385 2171 491 2249 quidni
514 2172 612 2248 potius
633 2171 731 2230 statim
754 2173 791 2229 ab
814 2195 826 2224 e
848 2170 1015 2246 inciperent
1030 2189 1119 2248 quam
1134 2191 1221 2248 prae·

138 2279 290 2338 mitterent
313 2290 426 2355 partem
449 2278 523 2336 nihil
544 2279 583 2336 ad
605 2278 788 2355 propositum
804 2277 1020 2354 pertinentem?
1042 2279 1134 2354 Quod
1151 2299 1221 2338 vero

138 2407 187 2464 pg.
215 2407 251 2465 79
274 2386 356 2462 dicit,
377 2398 470 2446 totam
486 2387 711 2445 Telemachiam
727 2384 883 2444 deterioris
897 2383 1013 2461 generis
1028 2405 1092 2444 esse
1108 2385 1222 2461 poesin,

138 2491 170 2552 id
202 2504 234 2550 ut
267 2494 407 2568 probaret
438 2493 571 2551 refellere
602 2493 747 2552 debuerat
779 2511 814 2550 ea
843 2508 919 2566 quae
947 2490 985 2550 de
1006 2491 1087 2551 libris
1107 2503 1128 2560 β
1152 2503 1182 2551 et
1203 2519 1220 2548 α

139 2599 319 2675 comparatis
350 2601 513 2659 Kirchhoff
539 2601 690 2676 praeclare
722 2599 869 2676 ostendit3
894 2600 976 2676 quod
999 2619 1067 2658 cum
1090 2599 1223 2659 omiserit

139 2727 200 2765 non
223 2727 290 2766 eum
313 2707 447 2768 existimo
469 2707 607 2783 cuiquam
630 2706 724 2765 videri
747 2726 834 2783 posse
856 2706 1026 2784 profligasse
1044 2705 1151 2765 summi
1165 2705 1222 2764 viri

139 2813 327 2891 opinionem.
1025 2800 1031 2804 ’
1176 2810 1178 2819 ’

176 2919 357 2978 Kirchhoffii
380 2919 554 2978 sententiam
577 2938 680 2996 parum
703 2919 809 2979 validis
830 2919 1009 2997 argumentis
1032 2921 1071 2979 ab
1092 2919 1128 2979 iis
1145 2937 1221 2994 quos

139 3027 362 3086 nominavimus
382 3027 588 3104 impugnatam
609 3025 765 3086 inmutavit
785 3024 972 3102 aliquatenus
993 3035 1021 3084 et
1036 3024 1117 3087 auxit
1137 3028 1172 3084 U.
1189 3026 1224 3084 de

147 3137 344 3194 Wilamowita
365 3135 587 3208 Moellendorff
605 3133 732 3209 scriptor
750 3131 919 3209 ingeniosus
933 3133 965 3191 in
980 3132 1057 3192 libro
1069 3134 1222 3209 praeclaro

140 3240 188 3300 cui
220 3240 321 3300 titulus
354 3243 465 3308 „Hom
499 3239 790 3316 Uutersuchungen'’
822 3241 926 3315 (1884)
958 3260 1006 3316 pg.
1038 3243 1056 3298 6
1082 3250 1152 3299 cett.
1194 3239 1223 3298 ls

140 3357 236 3406 totum
267 3346 375 3406 librum
408 3370 425 3400 α
451 3345 673 3405 adiasceuasta
695 3347 867 3404 confectum
889 3366 952 3406 esse
975 3347 1051 3405 dicit
1072 3357 1221 3422 tamquam

141 3452 326 3529 sequentium
349 3451 568 3529 expositionem
590 3462 619 3510 et
640 3451 792 3511 sententiis
814 3463 842 3511 et
862 3454 996 3513 versibus
1018 3454 1165 3531 plerisque
1187 3474 1223 3513 ex

141 3559 358 3635 antiquioribus
391 3561 527 3636 partibus
558 3559 693 3635 sumptis,
722 3559 766 3618 his
800 3561 876 3619 male
901 3561 1050 3620 interdum
1071 3560 1220 3634 adhibitis,

141 3641 199 3724 illis
220 3686 282 3726 non
304 3666 367 3725 sine
389 3665 460 3725 vitio
483 3665 661 3748 coniunctis.
704 3665 825 3726 Initium
849 3671 907 3739 (vrs
932 3670 1042 3742 1—188)
1063 3688 1081 3727 a
1103 3667 1223 3743 reliquis

140 3773 341 3850 separandum
365 3793 425 3832 non
447 3792 511 3832 esse
534 3774 696 3832 ostendunt
717 3773 768 3833 illo
783 3773 880 3833 iudice
894 3775 1043 3852 quaedam
1059 3762 1222 3834 sententiae

141 3900 217 3959 quae
250 3901 358 3940 nexum
391 3881 468 3940 inter
498 3883 552 3939 has
584 3881 657 3940 duas
690 3891 787 3956 partes
809 3882 995 3941 constituant.
1038 3884 1082 3940 Ita
1103 3901 1160 3938 vrs.
1187 3901 1219 3939 11

139 3980 225 4064 (ἕνθ’
255 3979 350 4045 ἄλλοι
380 3984 439 4064 μὲν
472 3987 660 4053 πάντες...
692 3980 784 4042 Oinoa
811 3979 888 4044 ἕσαν
913 3995 995 4063 cett.)
1021 3988 1163 4048 admonet
1184 3988 1222 4046 de

140 4099 260 4159 casibus
291 4099 473 4176 reliquorum
507 4099 632 4156 heroum
669 4118 686 4155 a
710 4095 801 4155 Troia
822 4095 1008 4155 redeuntium
1030 4094 1081 4172 qui
1102 4114 1222 4171 progre-

141 4205 244 4268 diente
276 4205 467 4265 Telemachia
500 4214 653 4263 narrantur
659 4224 668 4277 ;
702 4227 719 4256 a
752 4221 789 4280 35
816 4202 926 4280 Iupiter
956 4203 1068 4261 lacinus
1097 4203 1221 4264 Orestae
