2884 4880
573 438 608 506 'li

1020 501 1026 527 l

96 609 288 686 cantaturum,
310 609 457 686 explicare
478 609 643 685 supersedit
663 611 818 670 Kammer.
844 613 873 670 Is
894 629 1013 670 versum
1027 619 1051 666 θ
1072 628 1130 687 250

94 721 200 794 paullum
218 728 350 776 mutatum
371 714 525 792 coniungit
547 732 614 774 cum
636 731 659 776 e
679 717 736 791 367
753 703 792 775 'ut
816 715 853 774 sit
874 719 934 794 (pg.
959 719 1049 795 459):

131 825 218 892 Ἀλλὰ
248 831 340 891 ποσὶν
380 828 545 907 κραιπνῶς
586 823 704 906 θέομεν
744 831 798 890 καὶ
840 830 955 910 νηυσὶν
991 831 1129 910 ἄριστοι.

89 933 171 998 Ἀλλ’
195 941 255 1013 ἄγε,
290 939 444 1014 Φαιήκων
480 939 632 1014 ἡγήτορες
665 931 912 1014 ἠδὲμὲὅοντες
936 933 1129 1017 Ξείνῳ,νῠ·ν

86 1045 175 1124 δῶμεν
194 1045 324 1123 ξνννννινν
355 1049 424 1096 cett.
467 1039 575 1094 Nonne
607 1037 704 1098 minus
736 1041 847 1097 urbane
870 1039 1015 1098 Alcinous
1037 1038 1131 1116 egisse

85 1147 192 1212 videtur,
225 1145 269 1220 qui
307 1143 488 1203 excusationi
509 1163 592 1216 ¹suae
624 1143 695 1204 doni
729 1145 898 1204 adiunxerit
931 1142 1155 1208 mentionem?¹

82 1254 190 1312 Talibus
206 1251 285 1329 igitur
307 1249 487 1310 athetesibus
508 1251 659 1326 antiquum
679 1252 831 1328 Odysseae
846 1251 1005 1311 consilium
1020 1252 1133 1312 restitui

80 1381 136 1420 non
165 1361 259 1432 credo;
290 1360 328 1417 de
360 1357 465 1417 ceteris
496 1369 593 1416 autem
620 1357 725 1434 partim
747 1357 876 1417 vidimus
896 1358 929 1416 in
950 1359 1134 1419 recensenda

77 1467 214 1526 Kammeri
242 1467 277 1525 de
309 1465 387 1524 libro
420 1473 436 1521 l
465 1464 611 1524 sententia
636 1470 697 1541 (pp.
721 1467 757 1523 62
782 1468 838 1540 sq.)
860 1485 917 1526 nec
938 1468 1037 1542 plures
1059 1486 1134 1542 opus

75 1589 116 1634 est
142 1575 287 1651 attingere;
319 1584 501 1631 transeamus
531 1571 570 1630 ad
595 1571 721 1632 maiores
741 1571 986 1649 interpolationes
1007 1591 1081 1647 quas
1101 1571 1133 1630 in

73 1687 158 1741 altera
177 1693 251 1758 parte
272 1681 426 1756 Odysseae
446 1679 544 1738 inesse
567 1678 651 1738 dicit.

113 1810 136 1848 1.
175 1809 199 1865 p
224 1791 277 1866 563
303 1797 372 1846 cett.
394 1786 455 1864 agit
475 1788 513 1846 de
537 1785 677 1862 episodiis
698 1786 736 1844 ad
760 1788 1017 1863 Theoclymenum
1045 1784 1134 1862 perti-

67 1897 205 1956 nentibus.
246 1897 434 1954 Demonstrat
465 1890 516 1951 ubi
547 1911 582 1950 ea
613 1890 762 1968 incipiunt
786 1891 811 1972 (ο
837 1897 907 1966 222)
936 1891 1134 1952 narrationem

64 2007 204 2063 turbatam
226 2002 368 2077 (similiter
400 1997 557 2076 Hennings
589 2019 617 2075 p.
651 2020 709 2058 200
741 2012 772 2058 et
797 2000 920 2078 Adam),
943 2000 1008 2077 ipsa
1035 2012 1134 2060 autem

61 2112 92 2169 in
124 2111 197 2169 libro
228 2137 240 2164 ο
272 2110 459 2186 neglegenter
491 2126 627 2183 expressa
658 2125 736 2184 esse3
761 2106 873 2183 optime
902 2117 1007 2166 tractat
1034 2110 1134 2167 locum

58 2242 74 2289 ρ
113 2220 181 2276 61—
196 2219 249 2276 166
291 2214 392 2296 (quern
430 2234 458 2290 p.
499 2215 556 2290 567
595 2213 685 2272 totius
725 2209 877 2289 Odysseae
915 2214 1134 2291 ineptissimum

56 2327 168 2399 vocat),
200 2323 417 2382 inconcinnum
439 2332 468 2380 et
489 2321 621 2380 versibus
644 2323 720 2380 male
743 2321 876 2396 undique
899 2322 1031 2382 consutis
1052 2341 1133 2382 com·

53 2433 186 2508 positum
218 2428 400 2490 ostendens*
431 2431 532 2488 Partes
564 2447 634 2487 vero
665 2427 882 2504 Theoclymeni
910 2428 940 2488 in
967 2429 1099 2488 carmine
1118 2453 1134 2484 υ

51 2539 203 2597 tollendas
236 2557 299 2596 esse
331 2539 475 2595 affirmare
497 2555 559 2594 non
581 2536 671 2594 audet
679 2556 687 2608 ;
709 2533 793 2610 quod
814 2535 855 2594 ibi
877 2548 1009 2595 narratur
1030 2553 1083 2612 per
1104 2553 1134 2594 se

51 2647 189 2721 pulcrum
212 2644 337 2720 quidem
359 2664 421 2702 esse
443 2642 525 2717 dicit,
544 2643 596 2701 sed
617 2643 655 2700 ab
678 2641 844 2701 Homerico
858 2641 979 2720 ingenio
995 2641 1136 2700 alienum.

51 2758 88 2829 'p.
114 2755 200 2829 572).
233 2754 275 2810 At
295 2752 375 2810 enim
397 2770 457 2810 non
480 2750 585 2810 docuit
603 2749 713 2826 quibus
734 2747 922 2808 definiendus
943 2749 980 2808 sit
1001 2747 1136 2808 terminis

51 2879 176 2934 :ampus
198 2859 241 2932 in,
275 2877 335 2933 quo
365 2857 558 2917 Homericum
581 2867 734 2916 exercetur
757 2855 928 2934 ingenium
949 2875 1040 2931 quare
1063 2857 1137 2914 haec

51 2965 118 3023 nihi
154 2964 328 3024 criminatio
353 2965 456 3042 vagior
476 2964 591 3023 videtur
611 2981 701 3040 quam
722 2983 781 3039 qua
801 2974 865 3024 tuto
887 2968 990 3023 locum
1013 2964 1138 3023 damne-

51 3090 116 3130 ωε.
166 3073 320 3130 Kammer
352 3083 451 3128 tamen
482 3072 555 3129 haec
589 3070 689 3129 omnia
719 3081 824 3147 postea
854 3071 957 3130 addita
981 3080 1080 3129 censet
1103 3081 1138 3130 ut

51 3178 154 3236 aedes
193 3196 360 3254 procorum
390 3177 428 3236 ab
457 3176 558 3253 aliquo
580 3188 646 3236 vate
668 3176 896 3253 praediceretur.
939 3175 1050 3250 „Diese
1071 3176 1137 3234 eine

51 3283 155 3359 eite”‚
189 3283 296 3360 inquit
331 3282 397 3360 „die
419 3284 607 3360 Darstellung
634 3284 691 3342 ⁴des
721 3285 964 3360 Theoclymenos
992 3286 1035 3342 als
1056 3282 1138 3343 eines

51 3393 231 3466 ropheten,
256 3410 313 3467 zog
334 3392 393 3450 den
415 3390 540 3450 Dichter
562 3389 611 3449 bei
633 3391 730 3449 seiner
751 3391 855 3450 Arbeit
875 3392 951 3450 auch
972 3409 1028 3450 nur
1042 3389 1138 3467 eiuzig

51 3499 94 3556 id
132 3499 236 3557 allein
271 3519 320 3573 an,
351 3499 396 3556 ihr
425 3496 564 3556 widmete
593 3516 624 3556 er
651 3497 730 3556 seine
753 3516 847 3575 ganze
868 3497 1048 3575 Thatigkeit.
1091 3500 1137 3556 Im

51 3606 168 3682 >sigen
208 3607 333 3664 verfuhr
357 3625 388 3664 er
413 3604 465 3662 mit
491 3604 573 3663 einer
595 3603 903 3664 ausserordentlichen
925 3604 1139 3682 Sorglosigkeit

51 3713 86 3770 ld
112 3713 383 3790 Nachlz'issigkeit
407 3712 454 3771 die
475 3713 636 3772 schliessen
657 3714 735 3782 lisst,
757 3714 825 3772 dass
847 3733 879 3772 er
892 3713 946 3772 mit
960 3714 1013 3772 der
1029 3715 1136 3773 Scene·

51 3839 58 3874 e
100 3818 167 3878 der
207 3820 350 3896 Odyssee
382 3819 465 3878 nicht
496 3821 580 3878 mehr
612 3819 661 3878 die
683 3821 783 3880 rechte
804 3822 941 3898 Fiihlung
963 3821 1073 3879 hatte.”
1096 3826 1138 3896 (p.

53 3931 105 4000 3).
162 3925 312 3985 Difficile
335 3937 380 3986 est
403 3925 534 4004 cogitare
556 3937 684 4003 poetam,
706 3925 757 4003 qui
779 3945 847 3986 cum
862 3927 892 3987 in
908 3927 984 3987 libro
999 3953 1015 3984 v
1033 3925 1138 3986 eximie

51 4051 156 4090 inere
186 4051 254 4092 suo
278 4035 424 4110 fungatur,
447 4031 518 4091 alibi
542 4034 623 4092 velut
643 4032 673 4090 in
694 4057 709 4106 ρ
729 4036 867 4092 66-161
894 4033 967 4093 nihil
982 4033 1038 4092 nisi
1052 4053 1139 4092 com-

51 4139 223 4198 ationem
266 4139 368 4199 fecerit
399 4139 558 4216 insulsam3
591 4138 699 4216 quodsi
728 4158 795 4198 cum
817 4143 982 4200 Kammero
1004 4144 1046 4216 (p.
1069 4145 1140 4218 574)

51 4247 160 4304 trium
191 4257 362 4304 auctorum
384 4265 447 4305 esse
471 4246 607 4306 dicamus
628 4265 678 4304 eas
694 4259 801 4322 parteS,
816 4246 875 4305 iam
890 4247 978 4306 series
991 4247 1139 4334 quaedam
