2884 4880
541 449 577 523 6⁷

87 626 219 686 naturaliter
242 645 299 684 curn
330 637 425 686 aetate
465 628 634 704 provectior
666 639 729 686 tum
760 627 907 687 aerumnis
929 625 1112 688 deformatus

85 736 182 794 domum
200 735 283 794 rediret
290 754 298 807 ;
320 734 430 794 deinde
452 755 522 794 vero
544 735 579 810 is,
601 735 652 812 qui
674 736 827 812 Odysseae
852 736 981 812 priorem
997 747 1111 812 partem

82 841 240 920 amplificavit,
267 841 417 901 Minervae
450 862 540 918 opera
572 858 640 902 usus
661 854 716 919 est,
741 852 773 902 ut
795 843 991 902 differentiam
1014 843 1112 904 Ulixis

80 969 94 1007 a
120 950 211 1008 deabus
235 949 313 1008 amati
344 968 362 1007 a
394 949 580 1009 Phaeacibus
612 949 725 1009 laudati
756 948 947 1027 eiusdemque
969 969 987 1007 a
1012 950 1113 1026 procis
1208 1022 1212 1030 Ι

77 1055 137 1114 irrisi
164 1056 301 1132 explicaret.
345 1058 373 1115 Is
405 1055 491 1133 igitur
516 1059 722 1133 supplemento
745 1077 799 1116 suo
822 1076 934 1135 augens
956 1057 1110 1133 antiquam

74 1162 246 1235 narrationem,
272 1181 361 1240 quam
394 1163 517 1240 singulis
549 1163 728 1222 carminibus
759 1163 898 1223 traditam
926 1164 1014 1223 fuisse
1037 1163 1111 1223 dicit

71 1267 213 1335 Kirchholl‚
232 1287 304 1327 novo
325 1268 407 1328 illato
430 1281 583 1328 momento
604 1269 786 1343 immutavit;
810 1289 871 1329 non
893 1270 936 1328 sic
957 1280 1057 1329 tamen
1079 1281 1112 1328 ut

69 1374 164 1449 ubique
189 1375 272 1450 priora
296 1393 363 1432 curn
394 1395 475 1434 novo
496 1376 616 1435 invento
641 1376 828 1454 conciliaret,
860 1376 943 1435 cuius
972 1395 1110 1436 nonnun-
1181 1441 1185 1458 k

65 1500 145 1558 quarn
163 1481 218 1557 ipse
237 1481 339 1540 oblitus
360 1502 422 1542 esse
442 1481 635 1543 Kirclrhoflio
659 1483 785 1558 videtur,
807 1494 839 1543 ut
858 1483 890 1542 in
908 1484 984 1544 libro
998 1505 1028 1550 u.
1052 1487 1113 1542 Aut

62 1587 139 1646 illurn
167 1600 211 1646 aut
240 1589 450 1648 diasceuastam
474 1589 661 1666 aliquatenus
681 1590 913 1667 discrepantiam
935 1591 1112 1650 narrationis

60 1697 147 1752 levare
166 1707 293 1755 conatum
316 1713 379 1755 esse
400 1696 564 1756 Kirchhoff
581 1696 662 1771 dicit,
683 1697 766 1757 illato
786 1698 819 1757 in
833 1715 901 1756 eum
915 1698 1024 1757 librum
1040 1700 1111 1757 loco

60 1825 75 1860 a
107 1805 261 1877 117—176,
293 1822 353 1879 quo
384 1803 472 1862 simul
503 1805 592 1863 finem
615 1804 767 1881 Odysseae
794 1825 812 1863 a
835 1824 866 1864 se
888 1803 953 1881 ipso
975 1805 1112 1864 additum

60 1921 232 1984 rraepararet.
253 1907 425 1988 (Kirchhoff
442 1929 472 1986 p.
497 1914 578 1988 553).

86 2021 120 2075 In
150 2020 237 2076 altero
266 2034 387 2076 excursu
414 2017 472 2076 alio
494 2017 666 2078 testimonio
688 2019 815 2094 probare
836 2027 969 2086 conatur,
992 2037 1029 2077 ex
1049 2019 1114 2095 plu-

60 2124 123 2182 ibus
152 2123 324 2188 carminibus
348 2123 441 2200 epicis
461 2124 660 2201 supplementi
681 2137 832 2184 auctorem
854 2127 977 2184 alteram
998 2134 1113 2200 partem

59 2232 191 2307 >dysseae
215 2231 410 2290 construxisse
432 2235 493 2308 (pp.
517 2235 699 2309 560—597).
723 2234 758 2290 In
779 2231 858 2291 libro
877 2255 899 2287 rr
920 2229 1024 2292 Ulixes
1045 2249 1114 2289 cum

60 2338 220 2396 'clemacho
244 2337 402 2396 consilium
427 2337 464 2397 de
480 2338 579 2414 procis
594 2337 770 2396 occidendis
784 2338 889 2406 iniens,
912 2337 982 2396 huic
993 2337 1116 2395 mandat

60 2465 64 2502 ;
96 2455 170 2503 nutu
201 2444 292 2520 ipsius
320 2443 493 2504 admonitus
515 2445 616 2504 omnia
637 2465 718 2503 arma
739 2465 755 2503 e
776 2445 904 2504 virorum
925 2442 1061 2504 conclavi
1082 2441 1114 2501 in

61 2553 195 2609 alamum
230 2553 385 2628 absportet
415 2564 529 2629 praeter
550 2565 641 2628 scuta,
669 2554 777 2626 hastas,
809 2551 927 2629 gladios
948 2551 1033 2610 duos·
1046 2549 1114 2626 ipsis

60 2659 262 2732 linquendos;
297 2658 370 2736 quid
405 2660 503 2736 procis
532 2661 569 2719 de
591 2661 649 2719 hac
669 2679 701 2718 re
721 2658 969 2736 interrogantibus
989 2675 1116 2734 respon·

62 2765 163 2823 ndum
188 2765 228 2825 sit
250 2768 343 2827 docet
365 2774 397 2844 (π
420 2769 582 2842 281—98).
614 2771 649 2827 In
671 2768 736 2844 ipsa
757 2786 827 2828 vero
847 2767 940 2825 caede
956 2761 1129 2842 procorum

60 2873 90 2931 ril
128 2872 169 2932 de
205 2875 269 2933 hoc
304 2876 445 2935 mandato
477 2886 599 2951 peracto
631 2886 771 2952 apparet;
803 2873 845 2933 ibi
875 2907 913 2918 -
941 2873 972 2931 in
996 2871 1115 2943 librox

67 2982 102 3038 in
128 3009 148 3048 φ
173 3017 218 3025 -
242 2983 393 3041 thalamus
413 2982 533 3041 solitum
549 2992 594 3041 est
608 3002 756 3043 armorum
772 2983 999 3058 receptaculum.
1022 2978 1116 3038 Aliud

64 3089 141 3146 dem
166 3087 316 3147 indicant
338 3108 437 3148 versus
458 3116 476 3162 χ
502 3110 538 3161 24
559 3108 602 3166 sq.
625 3099 654 3147 et
674 3116 692 3163 χ
717 3108 788 3160 1413
811 3088 864 3146 s'ed
883 3087 938 3146 hos
960 3084 1116 3145 eiciendos

61 3205 96 3252 at
131 3195 315 3254 Kirchhoff
341 3195 425 3270 quod
455 3197 574 3254 turbent
594 3195 803 3254 narrationem.
846 3194 932 3252 Idem
956 3193 1052 3251 valere
1076 3190 1114 3250 de

61 3323 77 3360 a
102 3334 121 3362 τ
146 3321 169 3373 4
182 3337 214 3346 -
221 3320 239 3378 5
245 3321 277 3377 3,
299 3302 331 3360 in
353 3320 413 3379 quo
435 3323 502 3379 pars
525 3303 672 3380 quaedam
694 3301 812 3362 consilii
832 3301 864 3360 in
879 3323 901 3356 rr
915 3299 1038 3358 indicati
1055 3318 1118 3375 per·
1167 3345 1170 3349 .

65 3428 124 3486 ur;
161 3427 244 3467 nam
282 3420 387 3470 contra
419 3410 635 3470 Alexandrinos
666 3409 834 3486 Kirchhoff,
855 3428 923 3467 cum
946 3408 1036 3465 ambo
1057 3404 1117 3466 loci

63 3518 182 3575 nullos
210 3535 321 3575 versus
343 3534 518 3576 communes
539 3519 679 3592 babeant,
701 3518 803 3574 locum
823 3517 854 3573 in
876 3542 892 3571 τ
915 3527 1066 3590 tamquam
1082 3533 1118 3571 ex

62 3624 182 3684 atione
209 3625 340 3683 alterius
361 3626 470 3683 factum
494 3625 626 3695 damnat,
649 3622 682 3681 id
704 3634 748 3681 est
762 3622 965 3681 diasceuastae
977 3620 1119 3680 attribuit.

62 3751 139 3789 rum
159 3731 213 3790 ita
231 3730 357 3790 iudicat
368 3732 439 3808 quia
450 3731 480 3789 in
494 3759 521 3806 τ,
533 3731 643 3790 omisso
655 3731 709 3790 illo
721 3731 938 3799 additamento,
952 3729 1026 3788 nihil
1038 3727 1118 3786 desi·

63 3850 120 3894 tur
137 3839 174 3913 (τ
189 3856 206 3894 1
220 3856 266 3913 sq
285 3862 350 3891 :a
361 3854 396 3912 51
411 3842 477 3914 sq),
489 3836 599 3894 deinde
612 3835 681 3912 quia
693 3836 789 3894 minus
801 3839 878 3898 bene
888 3838 920 3896 in
932 3863 948 3892 τ
959 3855 1019 3896 uno
1032 3852 1117 3894 versu

69 3965 113 4003 ΠΥ
156 3945 193 4017 (τ
238 3964 264 4014 4
289 3947 472 4032 Τηλέμαχε,
507 3955 563 4031 χρὴ
589 3944 691 4030 τεύχε’
716 3945 814 4030 οἷρὴια
840 3947 1006 4027 κατθέμεν
1031 3943 1117 4019 εἴσω)

84 4053 123 4110 in
144 4077 174 4109 π
193 4064 345 4130 quatuor
360 4051 491 4110 versibus
502 4052 661 4128 exponitur
673 4052 870 4129 (281-285),
892 4070 953 4126 quo
964 4053 1076 4110 sactum
1086 4061 1121 4108 ut

88 4158 344 4235 amplitudine
365 4159 475 4216 distent
495 4159 570 4216 inter
591 4177 622 4216 se
645 4158 721 4217 duae
745 4170 844 4235 partes
866 4159 983 4218 consilii
1007 4157 1068 4217 dati
1089 4157 1121 4216 in

64 4286 73 4323 ε
104 4265 232 4325 armis
264 4265 478 4343 absportandis
501 4275 530 4324 et
553 4264 652 4340 procis
673 4266 859 4340 frustrandis)
887 4277 917 4324 et
944 4264 1005 4324 illic
1027 4284 1121 4344 gram·
