2884 4880
585 401 641 459 109

102 583 166 640 quae
190 574 315 624 secuntur
346 583 364 621 a
397 561 582 623 diasceuasta
612 562 767 622 immutata
800 563 859 622 sint
879 583 999 624 necesse
1022 573 1074 636 est,
1097 574 1148 624 aut

101 670 166 730 enim
193 670 304 730 omnino
333 689 394 729 non
417 680 466 728 aut
487 671 561 729 lalso
584 670 735 746 explicant
755 670 828 746 quid
848 669 921 729 illud
941 670 1025 754 μέγα
1050 673 1145 755 ἔργον

99 778 236 838 dicatesse
255 779 403 852 Penelope
411 797 419 849 3
440 795 517 851 quae
539 775 568 834 in
591 775 714 852 antiquo
735 776 868 835 carmine
893 775 950 834 illis
977 777 1071 836 verbis
1093 779 1149 837 im-

96 882 246 960 pudicitiam
267 881 394 940 ancillae
417 890 535 940 notasse
557 879 683 939 videtur.
725 881 785 940 Cur
806 883 881 940 haec
896 881 1053 942 mutaverit
1068 883 1148 943 diasss

96 1000 206 1060 ceuastaq
224 1009 255 1048 ea
277 990 341 1048 sola
363 1006 449 1046 causa
471 987 589 1064 reperiri
611 998 718 1064 potest,
740 988 823 1062 quod
845 988 916 1048 olim
941 991 970 1050 lr.
984 991 1004 1048 l.
1018 990 1147 1051 narratio
1242 1033 1244 1046 t

94 1106 218 1174 pugnaret
245 1112 310 1153 cum
343 1093 419 1153 libro
448 1115 474 1168 u,
501 1093 521 1151 i.
550 1113 575 1152 e.
599 1093 683 1171 quod
706 1096 734 1152 h.
757 1097 776 1152 l.
798 1114 860 1154 non
883 1097 1071 1173 Eurymachi‚
1093 1097 1146 1156 sed

92 1203 201 1262 Antinoi
231 1203 332 1279 paelex
364 1201 510 1260 diceretur
539 1199 703 1260 Melantho.
746 1203 851 1279 Itaque
882 1201 932 1260 hic
953 1203 1038 1262 locus
1060 1204 1144 1262 nullo

90 1311 174 1368 modo
193 1330 253 1370 curn
276 1308 442 1368 narratione
463 1308 531 1367 libri
550 1331 566 1365 a
584 1308 727 1384 coniungi
748 1320 845 1384 potest
864 1319 892 1366 et
906 1307 981 1366 illud
996 1312 1144 1393 δεύτερον

88 1413 172 1494 αὖτις
194 1417 228 1475 ad
257 1415 455 1476 narrationem
477 1414 536 1473 iarn
559 1415 742 1491 deperditam
764 1424 879 1491 spectat
902 1415 1010 1493 (Seeck
1031 1435 1059 1490 p.
1086 1419 1146 1492 34).

85 1529 183 1584 Restat
201 1546 232 1584 ex
252 1526 362 1585 libror
382 1523 509 1583 narratio
531 1522 569 1582 de
594 1524 744 1598 Penelope
765 1523 804 1581 ad
818 1542 926 1599 procos
940 1522 1147 1596 descendenti,

82 1651 168 1706 quam
187 1650 343 1708 repugnare
365 1641 483 1690 ceterae
504 1629 664 1688 narrationi
686 1628 817 1688 ostendit
834 1628 1035 1688 Wilamowita.
1059 1630 1147 1704 Quae

81 1739 238 1815 antiquiore
269 1739 368 1798 forma
388 1738 438 1797 tad
473 1745 501 1794 A
532 1736 677 1812 pertinere
710 1747 805 1812 potest
814 1757 823 1810 ;
855 1755 923 1794 nam
953 1735 977 1794 si
1002 1737 1147 1796 contiuuo

78 1844 257 1904 antecesserit
288 1845 359 1904 olim
393 1844 516 1904 caedem
547 1863 716 1918 procorum,
748 1863 810 1902 non
833 1842 938 1902 mirum
960 1854 1004 1902 est
1029 1842 1145 1904 Ulixem

76 1952 241 2030 intellegere
262 1953 417 2010 consilium
440 1951 540 2010 uxoris
552 1955 579 2026 (a
599 1955 668 2022 281)
685 1968 751 2009 curn
767 1951 951 2029 colloquium
967 1962 1146 2012 nocturnum

73 2059 142 2117 libri
169 2085 183 2115 z
210 2078 408 2136 praegressum
441 2057 485 2129 sit,
520 2076 617 2134 neque
644 2058 735 2134 ipsius
756 2061 922 2146 Penelopes
944 2059 1051 2138 agendi
1072 2059 1147 2120 ratio

72 2166 147 2224 mira
174 2165 294 2224 videtur.
339 2156 646 2224 Animadvertendum
669 2167 768 2238 etiarn,
790 2166 874 2227 initio
896 2167 981 2227 huius
1002 2168 1146 2227 narratio·

69 2273 117 2330 nis
150 2277 176 2345 (σ
208 2275 275 2348 163)
308 2274 487 2348 Penelopem
522 2271 604 2349 loqui
632 2291 701 2331 curn
723 2273 829 2332 eadem
851 2275 1033 2350 Eurynome,
1055 2294 1145 2352 quarn

67 2381 159 2438 etiam
191 2377 220 2436 in
252 2380 322 2439 loco
355 2379 394 2438 ad
424 2383 449 2432 A
472 2377 628 2454 pertinenti
647 2378 714 2438 libri
732 2405 748 2453 ρ
768 2379 1028 2456 deprehendimus.
1071 2383 1145 2440 Sunt

63 2497 168 2545 tamen
199 2487 231 2544 in
257 2487 314 2544 hac
335 2485 504 2545 narratione
525 2486 682 2561 quaedam,
711 2504 787 2561 quae
808 2487 846 2544 ad
868 2493 894 2540 A
913 2486 1059 2563 pertinere
1082 2507 1145 2548 non

60 2594 197 2670 possint:
220 2594 361 2652 auxilium
384 2591 535 2652 Minervae
558 2597 584 2666 (a
606 2613 661 2670 190
687 2596 779 2668 cett),
795 2595 886 2652 verba
899 2613 975 2672 quae
994 2596 1146 2672 Penelope
1222 2641 1231 2645 -

56 2701 133 2760 facit
157 2721 229 2759 cum
251 2701 442 2760 Telemacho
486 2701 601 2758 Mutata
620 2699 709 2777 igitur
730 2701 826 2759 lorma
846 2711 970 2778 apparet
990 2703 1067 2762 hanc
1082 2722 1148 2762 nar·

56 2806 212 2866 rationem
238 2819 356 2867 nostrae
378 2808 527 2884 Odysseae
550 2816 663 2882 partem
686 2807 794 2866 factam
816 2827 888 2870 esse.

98 2917 273 2990 Hucusque
301 2915 380 2973 hanc
413 2913 551 2972 carminis
585 2919 609 2966 A
637 2914 837 2973 narrationem
862 2915 958 2974 Seeck
980 2915 1147 2975 constituit:

56 3021 164 3081 Ulixes
200 3032 309 3096 noctu¹
328 3042 397 3080 cum
422 3022 573 3096 Penelope
598 3023 763 3080 collocutus
787 3041 839 3098 per
861 3020 1029 3081 cicatricem
1053 3022 1091 3080 ab
1113 3041 1149 3081 ea

56 3127 250 3204 ignoscitur,
271 3129 431 3187 adiuvante
453 3129 616 3204 Euryclea:
638 3126 710 3185 dolo
732 3123 784 3202 qui
806 3136 935 3185 versatur
957 3125 1036 3185 circa
1054 3137 1149 3186 certa-

56 3255 123 3294 nen
149 3235 341 3311 sagittarium
361 3234 436 3294 inter
458 3254 509 3294 eos
533 3232 700 3309 composito
725 3235 775 3307 (τ),
796 3232 940 3308 postridie
956 3233 1060 3294 Ulixes
1071 3233 1148 3294 inter

56 3362 168 3401 cocos
202 3352 345 3414 versatur,
375 3343 413 3401 ab
443 3341 579 3402 Antinoo
601 3363 685 3402 crure
708 3343 821 3403 bovino
843 3343 1013 3422 percutitur,
1035 3363 1095 3420 qua
1116 3364 1147 3404 re

56 3460 204 3525 ercepta
246 3450 395 3528 Penelope
418 3455 457 3524 (ρ)
479 3449 638 3509 descendit
658 3450 696 3508 ad
718 3469 837 3528 procoS,
858 3471 875 3508 a
897 3450 1006 3528 quibus
1027 3471 1149 3511 munera

56 3556 131 3614 licit
156 3576 219 3632 spe
245 3537 378 3616 instantis
400 3556 470 3616 novi
492 3556 672 3616 matrimonii
695 3559 750 3634 (a);
772 3557 812 3615 ad
833 3557 1002 3634 eligendum
1024 3559 1148 3617 alterum

56 3662 198 3722 raritum
227 3663 369 3740 proponit
391 3645 554 3738 certarnen,
575 3663 603 3721 in
626 3683 687 3741 quo
708 3663 815 3724 Ulixes
836 3681 905 3723 arcu
929 3664 1040 3740 potitus
1062 3674 1149 3723 exuta

56 3770 256 3830 nrulatione
281 3790 390 3847 procos
410 3770 550 3830 interficit
571 3769 719 3847 Apollinis
740 3788 808 3830 usus
829 3773 921 3830 tutela
942 3774 974 3846 (u
991 3776 1032 3846 χ).

79 3879 127 3937 Ut
169 3876 254 3936 satis
288 3877 453 3954 probabilia
476 3879 552 3938 haec
576 3878 762 3938 aestimanda
783 3889 859 3955 sunt,
881 3877 922 3938 ita
941 3895 1018 3953 quae
1040 3876 1149 3937 deinde

56 4003 65 4041 e
112 3983 333 4060 praecedenti
367 3986 539 4044 narratione
572 3982 710 4043 carminis
741 3991 770 4040 A
796 3984 919 4061 protulit
939 3983 1150 4043 infirmioribus

56 4091 246 4167 gumentis
279 4091 409 4150 nituntur
439 4095 491 4168 (pg
521 4089 666 4170 4²-t⁶)·
708 4093 857 4164 Locumq
879 4093 1039 4167 567-606
1062 4089 1100 4150 ad
1125 4099 1151 4146 A

56 4197 208 4256 ertinere
247 4197 331 4274 dicit,
362 4217 451 4276 quern
483 4197 616 4274 plerique
650 4216 704 4274 pro
729 4208 829 4257 sutura
860 4198 1037 4267 habuerunt,
1068 4197 1148 4258 hisce
