2884 4880
550 437 588 514 ⁶9

73 614 144 674 visci:
174 615 239 692 „eine
269 615 372 676 solcbe
403 615 564 675 Annahme
584 649 624 660 -
646 625 712 676 sunt
737 617 829 676 verba
850 616 912 678 eius
934 652 973 662 —
993 617 1109 678 scheint

69 722 253 800 psycbologiscb
276 721 484 799 unstatthast”;
506 741 564 780 nec
585 733 684 782 tamen
708 724 832 782 alterum
858 725 977 802 probat,
998 743 1109 803 negans

69 847 184 906 umquam
209 828 308 888 librum
340 851 362 886 π
389 848 441 905 per
472 847 503 886 se
534 837 565 886 ut
586 828 736 905 peculiare
758 849 878 890 carmen
900 831 1045 891 exstitisse
1067 837 1107 909 (p.

66 938 135 1012 596).
154 935 319 1012 Relinquitur
340 934 428 1013 igitur
449 934 567 994 tertium
590 934 690 994 itti-
716 937 800 1011 quod
826 940 972 998 Kammer
996 958 1024 1014 pa
1049 959 1108 1011 400

63 1061 116 1100 non
136 1040 195 1100 vidit
211 1076 246 1086 —
265 1066 283 1111 χ
302 1039 424 1116 quidem
447 1041 518 1100 olim
542 1054 708 1118 separatum
731 1061 852 1104 carmen
873 1045 991 1123 epicum
1009 1045 1109 1123 luisse,

60 1149 106 1208 sed
122 1165 140 1198 u
158 1151 189 1207 ab
206 1159 319 1206 auctore
341 1147 539 1224 supplementi
560 1148 598 1208 de
619 1167 650 1207 se
674 1148 811 1208 additum
833 1171 907 1216 esse.

94 1259 130 1314 At
149 1256 182 1314 ita
199 1264 294 1314 auctor
314 1253 363 1314 ille
386 1264 417 1314 ut
438 1255 526 1314 nobis
551 1255 673 1330 quidem
695 1256 816 1316 videtur
830 1275 927 1332 neque
943 1257 1108 1318 carminum

57 1383 123 1438 quae
141 1361 284 1423 invenisset
305 1360 465 1420 narrationi
486 1363 649 1422 mutandae
672 1383 724 1440 par
747 1364 800 1423 fuit
821 1382 918 1439 neque
933 1384 1003 1424 suae
1018 1365 1109 1442 ipsius

57 1469 209 1530 narrationis
233 1488 395 1528 memorem
417 1488 447 1528 se
468 1469 623 1545 praebuit;
646 1481 676 1529 et
697 1469 751 1529 luit
772 1469 871 1531 minus
892 1474 996 1532 sollers
1019 1491 1109 1548 quam

59 1581 103 1652 lle,
132 1577 177 1654 qui
205 1579 284 1636 locos
316 1576 348 1635 in
382 1602 398 1632 τ
428 1587 456 1635 et
481 1575 625 1650 xintutit,
648 1577 700 1651 qui
719 1585 818 1635 tamen
840 1577 912 1637 vitia
933 1578 1110 1638 narrationis

57 1685 182 1761 ›erspexit
209 1696 236 1744 et
265 1683 453 1758 aliquatenus
485 1664 594 1742 sarcire
625 1683 746 1744 studuit.
791 1684 876 1742 Valet
898 1684 979 1744 idern
1001 1685 1039 1744 de
1064 1684 1109 1754 iis,

57 1811 116 1868 {uae
146 1791 232 1868 primo
264 1810 389 1850 excursu
415 1789 550 1866 exposita
575 1801 644 1849 sunt
665 1791 702 1849 de
725 1792 981 1868 transfiguratione
1004 1792 1107 1854 Ulixis.

57 1902 123 1974 luae
144 1898 323 1959 imbecillitas
337 1897 368 1956 in
383 1896 581 1974 supplementi
597 1908 725 1965 auctore,
742 1897 825 1956 cuius
843 1908 941 1957 tamen
956 1910 1109 1975 praestans

57 2005 184 2082 ngenium
215 2005 244 2063 in
275 2003 343 2062 libri
373 2025 394 2059 π
424 2002 643 2079 compositione
676 2005 811 2081 agnoscit
844 2005 1013 2082 Kirchhoff‚
1037 2005 1110 2065 mihi

57 2112 155 2170 uidem
177 2111 323 2171 credibilis
344 2131 405 2169 non
428 2110 555 2170 videtur.

74 2219 133 2277 Sed
155 2219 190 2276 de
210 2217 254 2277 his
273 2218 413 2279 omnibus
428 2217 519 2276 ceteri
534 2219 593 2275 boc
609 2217 704 2276 modo
719 2217 940 2277 iudicaverunt.
964 2221 1111 2279 Kammer

72 2329 129 2404 585
143 2327 240 2384 locum
256 2323 286 2383 in
298 2345 319 2378 π
331 2323 526 2382 recentiorem
540 2332 632 2398 putat,
645 2342 682 2382 ex
693 2324 786 2382 altero
800 2325 869 2384 loco
882 2324 1109 2402 interpolatum3

59 2433 153 2491 imum
174 2431 248 2509 ¹quia
275 2453 297 2486 π
325 2433 381 2489 286
405 2434 528 2514 (πάντα
552 2429 641 2515 μάλ’)
666 2441 778 2508 pugnet
801 2450 868 2489 cum
891 2453 912 2487 σε
933 2449 989 2508 ²95
1012 2430 1109 2517 (νῶιν

57 2545 172 2608 σῖσισισ
199 2543 256 2608 duo
282 2548 434 2623 φάσγανα
458 2537 556 2618 cett.);
579 2537 689 2596 deinde
713 2539 883 2612 quodcum
906 2536 950 2596 his
972 2539 1109 2598 versibus

82 2648 172 2706 armis
193 2647 361 2706 retinendis
384 2646 536 2705 conciliari
552 2665 613 2705 non
629 2644 722 2722 possit
736 2655 903 2721 praetextus
918 2655 1021 2703 contra
1037 2665 1110 2722 pro·

57 2775 68 2814 s
86 2754 228 2828 utendus,
245 2753 467 2831 nequeinitium
478 2752 538 2813 loci
550 2757 620 2828 (283
639 2761 741 2821 ψεύσω
753 2753 812 2838 μέν
830 2781 879 2820 τοι
895 2757 958 2836 ἐγὼ
973 2756 1110 2841 κεφαλῇ)

57 2883 81 2919 n
105 2881 153 2934 eo,
177 2861 265 2936 quod
287 2872 387 2920 tamen
411 2860 495 2938 proci
516 2862 599 2919 afore
621 2859 745 2936 putandi
767 2860 842 2932 sinl3
866 2860 912 2919 his
928 2861 1112 2939 argumentis

57 2981 104 3027 tus
127 2985 234 3026 versus
257 2991 278 3024 rc
301 2970 462 3047 286-294
489 2969 613 3051 (πάντα
634 2971 707 3054 μάλ’
730 2987 824 3045 usque
849 2967 904 3026 ad:
942 2969 1111 3052 ἐφέλκεται

57 3080 122 3161 δρα
148 3077 299 3163 σίδηρος)
334 3074 412 3148 eicit,
446 3093 516 3132 cum
547 3074 725 3134 Kirchhoffii
758 3075 797 3134 de
828 3074 1112 3151 interpolationibus

57 3183 183 3242 :uendis
210 3181 452 3242 observationem
478 3180 507 3261 r)
529 3180 615 3238 nihili
636 3180 726 3240 faciat
747 3201 795 3258 pg.
820 3182 876 3259 587
900 3180 919 3240 i.
942 3201 971 3238 n.

57 3292 147 3366 Quod
183 3291 298 3350 attinet
328 3289 367 3347 ad
397 3315 415 3361 χ
449 3305 565 3364 23—25
602 3307 711 3364 procos
743 3305 866 3347 revera
889 3323 928 3332 -
951 3297 1112 3346 contraac

58 3397 181 3455 chhoff
193 3396 301 3455 statuit
316 3394 426 3452 -vim
442 3393 537 3453 Ulixis
552 3403 695 3468 metuere,
711 3412 770 3452 non
785 3377 886 3454 casum
898 3395 991 3456 modo
1002 3393 1112 3452 infaus-

101 3503 303 3578 exprobrare
333 3519 476 3577 apparere
508 3498 584 3558 dicit
615 3519 652 3558 ex
682 3499 752 3576 ipsis
782 3520 885 3561 eorum
914 3500 1014 3561 verbis
1034 3518 1111 3575 quae

57 3621 192 3673 rantur:
221 3609 325 3685 itaque
345 3627 446 3666 versus
468 3632 485 3678 χ
504 3626 624 3682 31-33
654 3607 743 3690 (ἴσκε
767 3607 901 3686 ἕκαστος
926 3609 1006 3693 ἀνήρ
1030 3609 1112 3680 ceth)

96 3717 336 3776 Alexandrinis
368 3716 556 3774 damnandos
578 3735 652 3774 esse.
696 3719 736 3774 At
764 3716 946 3776 Kirchhoffii
967 3715 1112 3776 iudicium

57 3825 130 3882 lnoc
170 3825 256 3883 loco
290 3823 363 3881 mibi
396 3821 511 3881 videtur
538 3821 666 3881 maxime
700 3822 891 3900 comprobari
914 3843 998 3882 versu
1021 3851 1039 3898 χ
1060 3826 1114 3886 26:

58 3956 145 3998 εισν
184 3933 218 3997 δ’
249 3931 394 4013 Ὀδυσῆα
421 3932 587 4019 χσλωτσῒσι
616 3932 776 4009 ἐπέεσσιν,
800 3931 881 4006 quod
904 3949 965 3989 non
988 3938 1031 3987 est
1052 3947 1113 3986 me·

57 4038 148 4095 tium
194 4039 258 4096 sed
290 4038 492 4097 irascentium.
535 4040 670 4097 Alterum
705 4040 808 4099 locum
829 4039 860 4097 in
885 4037 970 4112 gille
993 4052 1115 4117 quoque

57 4267 148 4314 Vide
173 4283 269 4338 supra
288 4283 313 4337 p.
337 4264 377 4319 28.
