2884 4880
575 387 612 447 95

91 548 195 623 primarii
221 567 275 606 non
308 559 383 622 sunt,
415 548 469 608 sed
501 568 535 607 ex
557 548 655 625 priore
676 559 759 624 parte
781 547 913 608 eiusdem
935 548 1003 609 libri
1025 560 1075 609 aut
1097 569 1134 609 ex

89 654 154 712 libris
178 657 250 736 δπρφ
282 653 375 730 petiti.
408 689 445 698 -
481 656 564 712 Haec
595 652 686 730 igitur
717 666 817 714 sutura
845 657 945 714 locum
974 654 1134 734 occupavit

86 760 229 836 antiquioris
247 760 422 819 narrationis
444 781 534 837 quam
556 761 686 820 ostendit
708 761 916 821 Wilamowitz:
946 761 994 822 cui
1016 783 1072 823 nos
1093 762 1135 822 ita

83 869 230 927 assentimur
249 878 281 926 ut
302 868 363 926 eius
385 868 530 927 sententia
551 868 719 944 supplenda
740 867 874 927 videatur
896 867 930 926 iis
946 888 1023 946 quae
1039 869 1134 929 Seeck

82 976 163 1034 attulit
170 997 177 1047 ;
195 975 293 1049 quibus
315 975 402 1033 simul
423 976 595 1033 relelluntur
609 993 645 1032 ea
658 993 734 1049 quae
749 974 780 1033 iu
796 977 933 1050 sequenti
949 976 1046 1052 capite
1061 977 1132 1054 (IV)
1179 965 1181 972 ’

81 1083 113 1141 de
134 1081 202 1139 libris
220 1107 289 1148 φ-ω
311 1081 384 1140 dixit
408 1081 610 1146 Wilamowitz.

115 1191 160 1246 IVv
198 1189 321 1246 Primum
362 1189 494 1248 ostendit
521 1189 732 1248 'Wilamowitz
768 1208 829 1247 non
866 1189 1033 1266 sequendos
1070 1208 1134 1248 esse

76 1295 274 1354 Alexandrinos
295 1295 335 1382 in¹
348 1295 521 1354 damnanda
542 1297 644 1354 ultima
665 1296 816 1372 Odysseae
838 1306 919 1372 parte
934 1294 1003 1356 inde
1018 1315 1132 1356 aversu

75 1425 92 1468 u
120 1405 179 1477 296.
217 1401 293 1458 Nam
325 1421 361 1460 ea
391 1414 473 1480 parte
507 1403 611 1472 eiecta,
639 1423 760 1463 necesse
781 1414 858 1462 esset
879 1403 969 1462 etiam
990 1402 1133 1462 damnare

74 1527 164 1568 versus
189 1529 280 1581 ψ24ο
303 1518 370 1568 cett.
396 1509 447 1567 ubi
467 1508 562 1586 agitur
583 1509 620 1566 de
642 1521 730 1568 nocte
752 1528 770 1566 a
790 1508 924 1567 Minerva
947 1511 1134 1588 prolongata,

70 1616 117 1692 qui
150 1616 255 1694 seiungi
288 1627 420 1691 neqeunt
451 1636 468 1673 a
495 1640 515 1684 q
545 1636 604 1693 344
637 1626 704 1674 cett.
731 1617 885 1693 agentibus
910 1618 947 1677 de
969 1634 1074 1677 aurora
1095 1617 1133 1674 ab

68 1725 167 1782 eadem
188 1734 326 1797 evocata;
347 1726 417 1783 item
437 1746 457 1790 q
478 1725 535 1796 248
551 1733 618 1782 cett.
634 1721 787 1803 (mandata
804 1723 958 1800 Tiresiae),
972 1723 1023 1798 qui
1035 1740 1136 1782 versus

65 1831 204 1906 pertinent
240 1832 279 1888 ad
314 1853 333 1898 q
371 1851 428 1907 310
469 1840 553 1905 cett,
584 1815 836 1888 enumerationem
869 1829 1003 1888 omnium
1038 1847 1134 1888 rerum

63 1941 100 1996 ab
134 1938 218 1997 Ulixe
248 1949 394 2014 gestarum
426 1936 626 1996 continentes.
659 1939 811 1995 Praeterea
845 1936 937 1996 Ulixis
958 1948 987 1996 et
1008 1939 1134 1996 Laertae

60 2052 298 2129 α’ναγνωρισμός
322 2044 353 2102 in
377 2044 454 2103 libro
472 2069 491 2100 n
502 2054 692 2120 praeparatur
705 2043 790 2102 variis
801 2043 875 2116 locis
887 2043 917 2102 in
930 2042 1135 2119 praecedenti·

59 2154 128 2211 bus:
155 2154 355 2229 n187—193,
382 2159 484 2224 6722,
507 2158 520 2214 t
541 2169 606 2226 173,
631 2170 730 2226 0353,
754 2174 775 2206 π
790 2169 959 2227 135-153,
975 2171 1042 2226 302,
1057 2171 1134 2222 n4r‚

55 2282 75 2324 ψ
100 2276 254 2334 117-152
279 2293 318 2302 -
341 2257 391 2333 qui
414 2275 510 2316 versus
533 2276 638 2316 omues
661 2276 722 2333 quo
746 2256 934 2333 loco-positi
949 2269 1027 2334 sunt,
1048 2257 1079 2318 in
1098 2277 1134 2316 eo

54 2367 176 2424 turbant
197 2365 342 2441 reliquam
367 2383 443 2441 quae
465 2363 508 2422 ibi
530 2375 574 2435 est
595 2363 810 2437 narrationem;
832 2364 911 2424 uude
933 2364 1061 2440 sequitur
1082 2384 1134 2424 eos

51 2485 175 2548 propter
197 2472 395 2547 antiquiorem
419 2484 533 2531 tantum
555 2471 624 2532 libri
646 2495 665 2526 ω
688 2472 887 2531 narrationem
913 2471 994 2531 illam
1015 2491 1033 2532 a
1055 2471 1130 2530 dias·

48 2591 172 2637 ceuasta
203 2580 323 2638 additos
350 2599 422 2638 esser
465 2582 513 2638 Ne
534 2589 671 2655 putemus
693 2596 783 2639 unum
805 2581 994 2655 eundemque
1015 2591 1134 2656 poetam

46 2684 251 2743 narrationem
279 2685 308 2743 in
339 2711 358 2738 ω
379 2696 408 2744 et
436 2685 490 2743 hos
517 2685 601 2744 locos
624 2685 749 2744 carmini
769 2685 908 2759 intulisse,
934 2687 1032 2745 obstat
1053 2684 1137 2762 quod

46 2791 75 2848 in
112 2810 151 2848 eo
187 2810 225 2849 ex
261 2793 316 2849 hac
346 2791 411 2867 ipsa
442 2790 609 2849 narratione
641 2791 788 2866 quosdam
821 2812 921 2852 versus
953 2791 1137 2852 diasceuasta

46 2897 188 2956 adhibuit
211 2905 256 2973 1);
269 2897 378 2956 deinde
389 2896 471 2973 quod
494 2897 574 2955 idem
586 2896 616 2954 iu
627 2897 723 2973 ipsam
734 2899 813 2957 hanc
824 2898 1021 2958 narrationem
1033 2900 1135 2956 locum

46 3030 56 3058 »ι
90 3025 243 3082 439-50
267 3005 429 3078 (Medontis
453 3004 616 3063 orationem
639 3004 670 3062 in
693 3005 834 3064 contione
858 3004 1070 3084 Ithacensium)
1092 3004 1134 3062 in·

46 3111 135 3168 eruit
158 3132 226 3188 quo
251 3111 444 3188 respiceretur
467 3112 506 3169 ad
529 3110 726 3169 narrationem
750 3111 788 3170 de
811 3111 963 3170 Minervae
979 3111 1088 3184 auxilio
1103 3110 1135 3169 iu

46 3219 135 3276 :aede
174 3239 339 3294 procorum
368 3223 398 3292 (χ
419 3223 579 3294 2ο5-4ο).
623 3220 724 3276 Partes
745 3217 834 3293 igitur
855 3218 997 3292 quasdam
1020 3217 1085 3278 libri
1104 3242 1134 3286 ω,
1207 3201 1208 3208 ¹

49 3325 263 3384 ontinuantes
295 3325 492 3385 narrationem
525 3325 591 3383 libri
623 3344 655 3400 u,
686 3324 889 3384 diasceuastae
922 3336 1008 3383 notas
1048 3322 1135 3382 luisse

47 3443 167 3507 pparet
225 3435 321 3507 Supra
343 3444 441 3489 autem
463 3431 596 3490 ostendit
620 3430 816 3489 Wilamowitz
838 3444 906 3507 post
926 3431 1054 3507 priorem
1071 3449 1134 3506 par·

46 3558 91 3595 em
108 3539 186 3596 libri
209 3563 223 3592 2
248 3541 445 3596 narrationem
458 3539 611 3614 abruptam
625 3557 703 3597 esse:
716 3556 805 3612 quam
818 3538 991 3597 sententiam
1004 3557 1032 3614 p.
1048 3557 1084 3610 74
1096 3536 1136 3594 ita

46 3645 158 3720 rpplet
196 3665 230 3701 ur
263 3645 387 3702 affirmet
420 3644 509 3702 libros
537 3665 612 3707 o-ro
643 3665 661 3702 a
693 3643 878 3703 diasceuasta
900 3664 968 3704 cum
990 3643 1161 3720 prioribus-

46 3750 237 3808 )niunctos
259 3768 332 3807 esse.
369 3750 429 3824 Qui
456 3769 524 3808 cum
547 3750 635 3808 aliam
658 3750 875 3826 expositionem
897 3751 933 3810 de
957 3751 1048 3809 caede
1070 3769 1136 3826 pro·

46 3877 142 3915 rrum
183 3866 216 3915 et
249 3857 287 3914 de
316 3855 404 3915 Ulixe
436 3857 474 3914 ab
496 3873 586 3914 uxore
608 3857 709 3933 agnito
732 3847 929 3930 continerent,
952 3857 1137 3916 diasceuasta

52 3964 99 4020 de
144 3982 314 4022 removere
346 3961 452 4020 debuit
474 3981 509 4020 ea
530 3980 604 4036 quae
627 3983 696 4021 curn
718 3964 815 4040 priore
838 3965 1005 4024 narratione
1026 3984 1136 4042 pugna-

50 4197 78 4255 ι)
106 4212 129 4240 α
160 4194 218 4261 185
242 4213 272 4244 ex
292 4215 311 4243 ω
333 4195 391 4259 308,
411 4197 430 4244 δ
448 4195 499 4256 624
517 4212 583 4244 exn
603 4207 663 4261 412,
682 4214 695 4244 r
715 4209 747 4259 23
766 4213 803 4261 sq.
822 4211 888 4244 exu
907 4204 958 4257 479
977 4211 1014 4260 sq.
