<?xml version="1.0" encoding="UTF-8"?>
<!DOCTYPE html PUBLIC "-//W3C//DTD XHTML 1.0 Transitional//EN"
    "http://www.w3.org/TR/xhtml1/DTD/xhtml1-transitional.dtd">
<html xmlns="http://www.w3.org/1999/xhtml" xml:lang="en" lang="en">
 <head>
  <title>
</title>
<meta http-equiv="Content-Type" content="text/html;charset=utf-8" />
  <meta name='ocr-system' content='tesseract 3.04.00' />
  <meta name='ocr-capabilities' content='ocr_page ocr_carea ocr_par ocr_line ocrx_word'/>
</head>
<body>
  <div class='ocr_page' id='page_1' title='image "./praecipuaerecen00fraegoog_0042.png"; bbox 0 0 2928 4886; ppageno 0'>
   <div class='ocr_carea' id='block_1_1' title="bbox 617 417 652 472">
    <p class='ocr_par' dir='ltr' id='par_1_1' title="bbox 617 417 652 472">
     <span class='ocr_line' id='line_1_1' title="bbox 617 417 652 472; baseline 0 0"><span class='ocrx_word' id='word_1_1' title='bbox 617 417 652 472; x_wconf 81' lang='lat'>27</span> 
     </span>
    </p>
   </div>
   <div class='ocr_carea' id='block_1_2' title="bbox 91 575 1177 1717">
    <p class='ocr_par' dir='ltr' id='par_1_2' title="bbox 91 575 1177 1717">
     <span class='ocr_line' id='line_1_2' title="bbox 136 575 1176 655; baseline 0.003 -20"><span class='ocrx_word' id='word_1_2' title='bbox 136 575 223 645; x_wconf 80' lang='lat' dir='ltr'>Quod</span> <span class='ocrx_word' id='word_1_3' title='bbox 245 577 269 635; x_wconf 91' lang='lat' dir='ltr'>si</span> <span class='ocrx_word' id='word_1_4' title='bbox 284 586 397 635; x_wconf 91' lang='lat' dir='ltr'>tantum</span> <span class='ocrx_word' id='word_1_5' title='bbox 412 595 448 636; x_wconf 85' lang='lat' dir='ltr'>ex</span> <span class='ocrx_word' id='word_1_6' title='bbox 459 577 594 654; x_wconf 88' lang='lat' dir='ltr'>Odyssea</span> <span class='ocrx_word' id='word_1_7' title='bbox 603 578 659 636; x_wconf 90' lang='lat' dir='ltr'>hos</span> <span class='ocrx_word' id='word_1_8' title='bbox 670 597 771 638; x_wconf 86' lang='lat' dir='ltr'>versus</span> <span class='ocrx_word' id='word_1_9' title='bbox 782 578 919 655; x_wconf 86' lang='lat' dir='ltr'>cognitos</span> <span class='ocrx_word' id='word_1_10' title='bbox 931 578 1109 638; x_wconf 83' lang='lat' dir='ltr'>haberemus</span> <span class='ocrx_word' id='word_1_11' title='bbox 1119 581 1176 640; x_wconf 85' lang='lat' dir='ltr'>sor-</span> 
     </span>
     <span class='ocr_line' id='line_1_3' title="bbox 91 683 1177 763; baseline 0.002 -19"><span class='ocrx_word' id='word_1_12' title='bbox 91 698 171 744; x_wconf 90' lang='lat' dir='ltr'>tasse</span> <span class='ocrx_word' id='word_1_13' title='bbox 193 703 261 744; x_wconf 92' lang='lat' dir='ltr'>cum</span> <span class='ocrx_word' id='word_1_14' title='bbox 276 685 375 746; x_wconf 87' lang='lat' dir='ltr'>Schol.</span> <span class='ocrx_word' id='word_1_15' title='bbox 389 687 423 746; x_wconf 88' lang='lat' dir='ltr'>E.</span> <span class='ocrx_word' id='word_1_16' title='bbox 435 687 475 744; x_wconf 90' lang='lat' dir='ltr'>H.</span> <span class='ocrx_word' id='word_1_17' title='bbox 490 688 534 745; x_wconf 87' lang='lat' dir='ltr'>M.</span> <span class='ocrx_word' id='word_1_18' title='bbox 546 684 738 763; x_wconf 90' lang='lat' dir='ltr'>quantumvis</span> <span class='ocrx_word' id='word_1_19' title='bbox 749 683 925 744; x_wconf 80' lang='lat' dir='ltr'>dubitanter</span> <span class='ocrx_word' id='word_1_20' title='bbox 940 684 1177 746; x_wconf 81' lang='lat' dir='ltr'>consentiremus</span> 
     </span>
     <span class='ocr_line' id='line_1_4' title="bbox 95 782 1174 874; baseline 0 -22"><span class='ocrx_word' id='word_1_21' title='bbox 95 786 175 870; x_wconf 86' lang='grc' dir='ltr'><strong><em>[ὅτι]</em></strong></span> <span class='ocrx_word' id='word_1_22' title='bbox 213 788 355 872; x_wconf 78' lang='grc' dir='ltr'><strong><em>Ὅμηρος</em></strong></span> <span class='ocrx_word' id='word_1_23' title='bbox 385 789 440 852; x_wconf 90' lang='grc' dir='ltr'>τὸν</span> <span class='ocrx_word' id='word_1_24' title='bbox 475 782 566 854; x_wconf 82' lang='grc' dir='ltr'><strong><em>οἶκον</em></strong></span> <span class='ocrx_word' id='word_1_25' title='bbox 598 790 678 852; x_wconf 84' lang='grc' dir='ltr'><strong><em>ποτὲ</em></strong></span> <span class='ocrx_word' id='word_1_26' title='bbox 702 790 765 870; x_wconf 80' lang='grc' dir='ltr'>μὲν</span> <span class='ocrx_word' id='word_1_27' title='bbox 792 785 984 861; x_wconf 74' lang='grc' dir='ltr'><strong><em>καθολικῶς</em></strong></span> <span class='ocrx_word' id='word_1_28' title='bbox 1005 785 1174 874; x_wconf 75' lang='grc' dir='ltr'><strong><em>λαμβάνει,</em></strong></span> 
     </span>
     <span class='ocr_line' id='line_1_5' title="bbox 92 893 1175 978; baseline 0.001 -19"><span class='ocrx_word' id='word_1_29' title='bbox 92 893 214 960; x_wconf 81' lang='grc' dir='ltr'><strong><em>ἄλλοτε</em></strong></span> <span class='ocrx_word' id='word_1_30' title='bbox 237 895 272 959; x_wconf 78' lang='grc' dir='ltr'>δὲ</span> <span class='ocrx_word' id='word_1_31' title='bbox 291 899 429 977; x_wconf 77' lang='grc' dir='ltr'><strong><em>μερικῶς</em></strong></span> <span class='ocrx_word' id='word_1_32' title='bbox 450 897 503 959; x_wconf 80' lang='grc' dir='ltr'>ἐπὶ</span> <span class='ocrx_word' id='word_1_33' title='bbox 525 902 580 960; x_wconf 84' lang='grc' dir='ltr'><strong><em>τοῦ</em></strong></span> <span class='ocrx_word' id='word_1_34' title='bbox 602 894 769 978; x_wconf 70' lang='grc' dir='ltr'>ἀνδρῶνος</span> <span class='ocrx_word' id='word_1_35' title='bbox 789 899 810 976; x_wconf 87' lang='grc' dir='ltr'><strong><em>ή</em></strong></span> <span class='ocrx_word' id='word_1_36' title='bbox 821 901 877 974; x_wconf 87' lang='grc' dir='ltr'>τής</span> <span class='ocrx_word' id='word_1_37' title='bbox 889 894 1175 975; x_wconf 77' lang='grc' dir='ltr'><strong><em>γυναικωνίτιδος,</em></strong></span> 
     </span>
     <span class='ocr_line' id='line_1_6' title="bbox 93 993 1175 1085; baseline 0.003 -23"><span class='ocrx_word' id='word_1_38' title='bbox 93 1005 165 1081; x_wconf 91' lang='lat' dir='ltr'>quia</span> <span class='ocrx_word' id='word_1_39' title='bbox 193 1025 300 1081; x_wconf 89' lang='lat' dir='ltr'>nempe</span> <span class='ocrx_word' id='word_1_40' title='bbox 330 998 491 1084; x_wconf 71' lang='grc' dir='ltr'><strong><em>,ληρῶδες</em></strong></span> <span class='ocrx_word' id='word_1_41' title='bbox 523 998 607 1067; x_wconf 83' lang='grc' dir='ltr'><strong><em>οἶκοι</em></strong></span> <span class='ocrx_word' id='word_1_42' title='bbox 633 1005 693 1082; x_wconf 85' lang='grc' dir='ltr'>τήν</span> <span class='ocrx_word' id='word_1_43' title='bbox 726 998 926 1085; x_wconf 77' lang='grc' dir='ltr'><em>Πηνελόπην</em></span> <span class='ocrx_word' id='word_1_44' title='bbox 953 993 1052 1067; x_wconf 76' lang='grc' dir='ltr'><strong><em>οὖσαν</em></strong></span> <span class='ocrx_word' id='word_1_45' title='bbox 1081 1025 1175 1084; x_wconf 87' lang='grc' dir='ltr'><strong><em>προς-</em></strong></span> 
     </span>
     <span class='ocr_line' id='line_1_7' title="bbox 93 1103 1175 1175; baseline -0.003 -2"><span class='ocrx_word' id='word_1_46' title='bbox 93 1115 271 1173; x_wconf 79' lang='grc' dir='ltr'><strong><em>τάσσεσθαι</em></strong></span> <span class='ocrx_word' id='word_1_47' title='bbox 306 1108 418 1172; x_wconf 78' lang='grc' dir='ltr'><strong><em>οἴκαδε</em></strong></span> <span class='ocrx_word' id='word_1_48' title='bbox 449 1103 645 1175; x_wconf 76' lang='grc' dir='ltr'><strong><em>απιλθιῒν”.</em></strong></span> <span class='ocrx_word' id='word_1_49' title='bbox 702 1104 779 1164; x_wconf 74' lang='lat' dir='ltr'>Cum</span> <span class='ocrx_word' id='word_1_50' title='bbox 811 1123 882 1164; x_wconf 73' lang='lat' dir='ltr'>vero</span> <span class='ocrx_word' id='word_1_51' title='bbox 903 1103 983 1164; x_wconf 70' lang='lat' dir='ltr'>idem</span> <span class='ocrx_word' id='word_1_52' title='bbox 1014 1124 1114 1164; x_wconf 74' lang='lat' dir='ltr'>versus</span> <span class='ocrx_word' id='word_1_53' title='bbox 1144 1104 1175 1163; x_wconf 80' lang='lat' dir='ltr'>in</span> 
     </span>
     <span class='ocr_line' id='line_1_8' title="bbox 93 1209 1175 1287; baseline 0 -17"><span class='ocrx_word' id='word_1_54' title='bbox 93 1211 190 1271; x_wconf 87' lang='lat' dir='ltr'>Iliade</span> <span class='ocrx_word' id='word_1_55' title='bbox 218 1216 244 1266; x_wconf 92' lang='lat' dir='ltr'><em>Z</em></span> <span class='ocrx_word' id='word_1_56' title='bbox 263 1231 322 1287; x_wconf 88' lang='lat'>490</span> <span class='ocrx_word' id='word_1_57' title='bbox 346 1211 384 1270; x_wconf 90' lang='lat' dir='ltr'>ab</span> <span class='ocrx_word' id='word_1_58' title='bbox 408 1214 539 1271; x_wconf 88' lang='lat' dir='ltr'>Hectore</span> <span class='ocrx_word' id='word_1_59' title='bbox 560 1211 598 1270; x_wconf 89' lang='lat' dir='ltr'>ad</span> <span class='ocrx_word' id='word_1_60' title='bbox 619 1223 741 1270; x_wconf 86' lang='lat' dir='ltr'>uxorem</span> <span class='ocrx_word' id='word_1_61' title='bbox 762 1209 794 1268; x_wconf 89' lang='lat' dir='ltr'>in</span> <span class='ocrx_word' id='word_1_62' title='bbox 816 1211 888 1270; x_wconf 91' lang='lat' dir='ltr'>urbe</span> <span class='ocrx_word' id='word_1_63' title='bbox 911 1209 982 1270; x_wconf 84' lang='lat' dir='ltr'>ioris</span> <span class='ocrx_word' id='word_1_64' title='bbox 1006 1222 1175 1272; x_wconf 89' lang='lat' dir='ltr'>versantem</span> 
     </span>
     <span class='ocr_line' id='line_1_9' title="bbox 94 1316 1174 1394; baseline 0 -17"><span class='ocrx_word' id='word_1_65' title='bbox 94 1317 220 1394; x_wconf 75' lang='lat' dir='ltr'>dicatur,</span> <span class='ocrx_word' id='word_1_66' title='bbox 251 1316 352 1393; x_wconf 86' lang='lat' dir='ltr'>negari</span> <span class='ocrx_word' id='word_1_67' title='bbox 385 1336 447 1376; x_wconf 91' lang='lat' dir='ltr'>non</span> <span class='ocrx_word' id='word_1_68' title='bbox 478 1326 576 1394; x_wconf 84' lang='lat' dir='ltr'>potest</span> <span class='ocrx_word' id='word_1_69' title='bbox 606 1318 689 1376; x_wconf 88' lang='lat' dir='ltr'>huuc</span> <span class='ocrx_word' id='word_1_70' title='bbox 720 1317 821 1377; x_wconf 91' lang='lat' dir='ltr'>locum</span> <span class='ocrx_word' id='word_1_71' title='bbox 854 1336 890 1375; x_wconf 89' lang='lat' dir='ltr'>ex</span> <span class='ocrx_word' id='word_1_72' title='bbox 921 1316 1018 1377; x_wconf 87' lang='lat' dir='ltr'>Iliade</span> <span class='ocrx_word' id='word_1_73' title='bbox 1044 1319 1122 1378; x_wconf 89' lang='lat' dir='ltr'>male</span> <span class='ocrx_word' id='word_1_74' title='bbox 1143 1319 1174 1377; x_wconf 90' lang='lat' dir='ltr'>in</span> 
     </span>
     <span class='ocr_line' id='line_1_10' title="bbox 94 1423 1175 1510; baseline -0.002 -25"><span class='ocrx_word' id='word_1_75' title='bbox 94 1425 231 1501; x_wconf 85' lang='lat' dir='ltr'>Odyssea</span> <span class='ocrx_word' id='word_1_76' title='bbox 257 1423 413 1500; x_wconf 89' lang='lat' dir='ltr'>repetitum</span> <span class='ocrx_word' id='word_1_77' title='bbox 436 1444 509 1500; x_wconf 90' lang='lat' dir='ltr'>esse,</span> <span class='ocrx_word' id='word_1_78' title='bbox 540 1445 679 1486; x_wconf 90' lang='lat' dir='ltr'>necnon</span> <span class='ocrx_word' id='word_1_79' title='bbox 702 1423 840 1510; x_wconf 26' lang='lat' dir='ltr'>idlquod</span> <span class='ocrx_word' id='word_1_80' title='bbox 863 1423 993 1500; x_wconf 85' lang='lat' dir='ltr'>sequitur</span> <span class='ocrx_word' id='word_1_81' title='bbox 1014 1449 1032 1480; x_wconf 83' lang='grc' dir='ltr'>ιι</span> <span class='ocrx_word' id='word_1_82' title='bbox 1055 1427 1114 1501; x_wconf 81' lang='lat'>360</span> <span class='ocrx_word' id='word_1_83' title='bbox 1136 1449 1175 1482; x_wconf 90' lang='lat'><strong><em>=</em></strong></span> 
     </span>
     <span class='ocr_line' id='line_1_11' title="bbox 93 1530 1176 1620; baseline 0.002 -30"><span class='ocrx_word' id='word_1_84' title='bbox 93 1558 111 1597; x_wconf 83' lang='grc' dir='ltr'><strong><em>ο</em></strong></span> <span class='ocrx_word' id='word_1_85' title='bbox 149 1550 207 1610; x_wconf 80' lang='grc'>354</span> <span class='ocrx_word' id='word_1_86' title='bbox 239 1553 279 1588; x_wconf 89' lang='lat'><strong><em>=</em></strong></span> <span class='ocrx_word' id='word_1_87' title='bbox 310 1553 330 1598; x_wconf 78' lang='grc' dir='ltr'><strong><em>ο</em></strong></span> <span class='ocrx_word' id='word_1_88' title='bbox 366 1553 420 1608; x_wconf 83' lang='lat'>292</span> <span class='ocrx_word' id='word_1_89' title='bbox 455 1530 582 1602; x_wconf 68' lang='lat' dir='ltr'>alnonis</span> <span class='ocrx_word' id='word_1_90' title='bbox 613 1537 745 1620; x_wconf 65' lang='grc' dir='ltr'><strong><em>βεβήκει</em></strong></span> <span class='ocrx_word' id='word_1_91' title='bbox 768 1551 805 1592; x_wconf 83' lang='lat' dir='ltr'>ex</span> <span class='ocrx_word' id='word_1_92' title='bbox 826 1537 852 1584; x_wconf 89' lang='lat' dir='ltr'><strong><em>Z</em></strong></span> <span class='ocrx_word' id='word_1_93' title='bbox 872 1548 941 1610; x_wconf 89' lang='lat'><strong>495.</strong></span> <span class='ocrx_word' id='word_1_94' title='bbox 984 1532 1069 1591; x_wconf 88' lang='lat' dir='ltr'>Idem</span> <span class='ocrx_word' id='word_1_95' title='bbox 1090 1533 1176 1592; x_wconf 90' lang='lat' dir='ltr'>loeus</span> 
     </span>
     <span class='ocr_line' id='line_1_12' title="bbox 94 1640 1174 1717; baseline 0 -19"><span class='ocrx_word' id='word_1_96' title='bbox 94 1641 265 1702; x_wconf 88' lang='lat' dir='ltr'>mutationis</span> <span class='ocrx_word' id='word_1_97' title='bbox 279 1641 431 1703; x_wconf 88' lang='lat' dir='ltr'>adhibitae</span> <span class='ocrx_word' id='word_1_98' title='bbox 446 1642 614 1717; x_wconf 83' lang='lat' dir='ltr'>exemplum</span> <span class='ocrx_word' id='word_1_99' title='bbox 630 1640 764 1716; x_wconf 79' lang='lat' dir='ltr'>praebet3</span> <span class='ocrx_word' id='word_1_100' title='bbox 785 1657 853 1697; x_wconf 85' lang='lat' dir='ltr'>nam</span> <span class='ocrx_word' id='word_1_101' title='bbox 873 1657 942 1697; x_wconf 91' lang='lat' dir='ltr'>cum</span> <span class='ocrx_word' id='word_1_102' title='bbox 959 1642 984 1692; x_wconf 88' lang='grc' dir='ltr'><strong><em>Ζ</em></strong></span> <span class='ocrx_word' id='word_1_103' title='bbox 995 1659 1054 1716; x_wconf 79' lang='lat'>493</span> <span class='ocrx_word' id='word_1_104' title='bbox 1067 1650 1174 1700; x_wconf 88' lang='lat' dir='ltr'>exstat:</span> 
     </span>
    </p>
   </div>
   <div class='ocr_carea' id='block_1_3' title="bbox 89 1744 1176 2468">
    <p class='ocr_par' dir='ltr' id='par_1_3' title="bbox 91 1744 1176 2262">
     <span class='ocr_line' id='line_1_13' title="bbox 99 1744 1176 1835; baseline -0.001 -21"><span class='ocrx_word' id='word_1_105' title='bbox 99 1749 258 1833; x_wconf 72' lang='grc' dir='ltr'><strong><em>,πόλεμος</em></strong></span> <span class='ocrx_word' id='word_1_106' title='bbox 273 1749 458 1835; x_wconf 75' lang='grc' dir='ltr'><strong><em>δ’ἄνόρεσσι</em></strong></span> <span class='ocrx_word' id='word_1_107' title='bbox 471 1749 598 1832; x_wconf 80' lang='grc' dir='ltr'><strong><em>μιλήσιι</em></strong></span> <span class='ocrx_word' id='word_1_108' title='bbox 614 1757 716 1824; x_wconf 87' lang='grc' dir='ltr'><strong><em>Πᾶσι,</em></strong></span> <span class='ocrx_word' id='word_1_109' title='bbox 730 1747 871 1830; x_wconf 87' lang='grc' dir='ltr'><strong><em>μάλιστα</em></strong></span> <span class='ocrx_word' id='word_1_110' title='bbox 888 1745 1067 1832; x_wconf 76' lang='grc' dir='ltr'><strong><em>δ’έμολ,·τοι’</em></strong></span> <span class='ocrx_word' id='word_1_111' title='bbox 1082 1744 1176 1834; x_wconf 79' lang='grc' dir='ltr'><strong><em>Ἰλίῳ</em></strong></span> 
     </span>
     <span class='ocr_line' id='line_1_14' title="bbox 94 1852 1175 1939; baseline 0.009 -25"><span class='ocrx_word' id='word_1_112' title='bbox 94 1855 290 1938; x_wconf 64' lang='grc' dir='ltr'><strong><em>ἐγγιγάασι”</em></strong></span> <span class='ocrx_word' id='word_1_113' title='bbox 309 1855 340 1914; x_wconf 91' lang='lat' dir='ltr'>in</span> <span class='ocrx_word' id='word_1_114' title='bbox 360 1855 496 1931; x_wconf 90' lang='lat' dir='ltr'>Odyssea</span> <span class='ocrx_word' id='word_1_115' title='bbox 511 1856 585 1912; x_wconf 91' lang='lat' dir='ltr'>haec</span> <span class='ocrx_word' id='word_1_116' title='bbox 601 1853 766 1916; x_wconf 87' lang='lat' dir='ltr'>variantur:</span> <span class='ocrx_word' id='word_1_117' title='bbox 778 1877 795 1907; x_wconf 83' lang='grc' dir='ltr'><strong><em>ο</em></strong></span> <span class='ocrx_word' id='word_1_118' title='bbox 809 1855 866 1930; x_wconf 85' lang='lat'>358</span> <span class='ocrx_word' id='word_1_119' title='bbox 879 1852 1175 1939; x_wconf 56' lang='lat' dir='ltr'>pnoogo&#39;otvlqerot</span> 
     </span>
     <span class='ocr_line' id='line_1_15' title="bbox 92 1959 1175 2049; baseline 0.001 -22"><span class='ocrx_word' id='word_1_120' title='bbox 92 1962 221 2046; x_wconf 68' lang='grc' dir='ltr'><strong><em>μελήσει</em></strong></span> <span class='ocrx_word' id='word_1_121' title='bbox 242 1973 332 2030; x_wconf 83' lang='grc' dir='ltr'><strong><em>Πᾶσι</em></strong></span> <span class='ocrx_word' id='word_1_122' title='bbox 351 1962 492 2049; x_wconf 80' lang='grc' dir='ltr'><strong><em>μάλιστα</em></strong></span> <span class='ocrx_word' id='word_1_123' title='bbox 512 1959 627 2045; x_wconf 78' lang='grc' dir='ltr'><strong><em>δ’ἐμολ,</em></strong></span> <span class='ocrx_word' id='word_1_124' title='bbox 646 1969 701 2028; x_wconf 81' lang='grc' dir='ltr'><strong><em>τοῦ</em></strong></span> <span class='ocrx_word' id='word_1_125' title='bbox 714 1967 775 2046; x_wconf 78' lang='grc' dir='ltr'>γὰρ</span> <span class='ocrx_word' id='word_1_126' title='bbox 793 1970 909 2048; x_wconf 85' lang='grc' dir='ltr'><strong><em>κράτος</em></strong></span> <span class='ocrx_word' id='word_1_127' title='bbox 923 1960 988 2028; x_wconf 73' lang='grc' dir='ltr'><strong><em>ἔστ’</em></strong></span> <span class='ocrx_word' id='word_1_128' title='bbox 1002 1966 1050 2030; x_wconf 78' lang='grc' dir='ltr'>ἒνλ</span> <span class='ocrx_word' id='word_1_129' title='bbox 1064 1961 1175 2048; x_wconf 80' lang='grc' dir='ltr'><strong><em>οὶ’κῳ”.</em></strong></span> 
     </span>
     <span class='ocr_line' id='line_1_16' title="bbox 93 2067 1174 2155; baseline 0.007 -27"><span class='ocrx_word' id='word_1_130' title='bbox 93 2068 231 2143; x_wconf 89' lang='lat' dir='ltr'>Reliquis</span> <span class='ocrx_word' id='word_1_131' title='bbox 262 2067 338 2128; x_wconf 88' lang='lat' dir='ltr'>locis</span> <span class='ocrx_word' id='word_1_132' title='bbox 375 2094 392 2134; x_wconf 84' lang='grc' dir='ltr'><strong><em>ο</em></strong></span> <span class='ocrx_word' id='word_1_133' title='bbox 426 2084 484 2144; x_wconf 79' lang='grc'>353</span> <span class='ocrx_word' id='word_1_134' title='bbox 519 2072 615 2147; x_wconf 86' lang='grc' dir='ltr'><strong><em>τόξον</em></strong></span> <span class='ocrx_word' id='word_1_135' title='bbox 647 2077 690 2126; x_wconf 75' lang='lat' dir='ltr'>est</span> <span class='ocrx_word' id='word_1_136' title='bbox 721 2086 776 2143; x_wconf 83' lang='lat' dir='ltr'>pro</span> <span class='ocrx_word' id='word_1_137' title='bbox 807 2079 923 2153; x_wconf 81' lang='grc' dir='ltr'><strong><em>μῦθος,</em></strong></span> <span class='ocrx_word' id='word_1_138' title='bbox 945 2072 961 2122; x_wconf 72' lang='grc' dir='ltr'><strong><em>λ</em></strong></span> <span class='ocrx_word' id='word_1_139' title='bbox 982 2087 1040 2145; x_wconf 81' lang='lat'>352</span> <span class='ocrx_word' id='word_1_140' title='bbox 1064 2080 1174 2155; x_wconf 85' lang='grc' dir='ltr'><strong><em>πομπή</em></strong></span> 
     </span>
     <span class='ocr_line' id='line_1_17' title="bbox 91 2177 796 2262; baseline 0.004 -19"><span class='ocrx_word' id='word_1_141' title='bbox 91 2186 126 2236; x_wconf 77' lang='lat' dir='ltr'>et</span> <span class='ocrx_word' id='word_1_142' title='bbox 152 2185 226 2260; x_wconf 77' lang='grc' dir='ltr'><strong><em>,τοῦ</em></strong></span> <span class='ocrx_word' id='word_1_143' title='bbox 251 2183 311 2262; x_wconf 80' lang='grc' dir='ltr'>γὰρ</span> <span class='ocrx_word' id='word_1_144' title='bbox 341 2185 455 2261; x_wconf 82' lang='grc' dir='ltr'><strong><em>κράτος</em></strong></span> <span class='ocrx_word' id='word_1_145' title='bbox 480 2177 546 2242; x_wconf 74' lang='grc' dir='ltr'><strong><em>ἔστ’</em></strong></span> <span class='ocrx_word' id='word_1_146' title='bbox 571 2179 618 2242; x_wconf 78' lang='grc' dir='ltr'>ἐνὶ</span> <span class='ocrx_word' id='word_1_147' title='bbox 644 2177 734 2261; x_wconf 78' lang='grc' dir='ltr'><strong><em>δήμῳ</em></strong></span> <span class='ocrx_word' id='word_1_148' title='bbox 758 2178 796 2246; x_wconf 89' lang='lat'>1)·</span> 
     </span>
    </p>

    <p class='ocr_par' dir='ltr' id='par_1_4' title="bbox 89 2279 1174 2468">
     <span class='ocr_line' id='line_1_18' title="bbox 135 2279 1173 2359; baseline -0.002 -17"><span class='ocrx_word' id='word_1_149' title='bbox 135 2285 221 2342; x_wconf 90' lang='lat' dir='ltr'>Haec</span> <span class='ocrx_word' id='word_1_150' title='bbox 250 2283 412 2359; x_wconf 87' lang='lat' dir='ltr'>proprietas</span> <span class='ocrx_word' id='word_1_151' title='bbox 438 2281 540 2341; x_wconf 89' lang='lat' dir='ltr'>leviter</span> <span class='ocrx_word' id='word_1_152' title='bbox 562 2279 734 2339; x_wconf 81' lang='lat' dir='ltr'>immutatos</span> <span class='ocrx_word' id='word_1_153' title='bbox 754 2299 857 2340; x_wconf 80' lang='lat' dir='ltr'>versus</span> <span class='ocrx_word' id='word_1_154' title='bbox 879 2279 1006 2341; x_wconf 87' lang='lat' dir='ltr'>iterandi</span> <span class='ocrx_word' id='word_1_155' title='bbox 1027 2281 1173 2342; x_wconf 90' lang='lat' dir='ltr'>interdum</span> 
     </span>
     <span class='ocr_line' id='line_1_19' title="bbox 89 2387 1174 2468; baseline -0.002 -18"><span class='ocrx_word' id='word_1_156' title='bbox 89 2389 255 2468; x_wconf 90' lang='lat' dir='ltr'>paroediae</span> <span class='ocrx_word' id='word_1_157' title='bbox 297 2409 391 2466; x_wconf 89' lang='lat' dir='ltr'>paene</span> <span class='ocrx_word' id='word_1_158' title='bbox 434 2388 493 2448; x_wconf 91' lang='lat' dir='ltr'>vim</span> <span class='ocrx_word' id='word_1_159' title='bbox 535 2388 635 2462; x_wconf 90' lang='lat' dir='ltr'>habet,</span> <span class='ocrx_word' id='word_1_160' title='bbox 675 2387 929 2464; x_wconf 90' lang='lat' dir='ltr'>quemadmodum</span> <span class='ocrx_word' id='word_1_161' title='bbox 961 2388 1174 2466; x_wconf 87' lang='lat' dir='ltr'>Aristophanes</span> 
     </span>
    </p>
   </div>
   <div class='ocr_carea' id='block_1_4' title="bbox 88 2493 1173 2897">
    <p class='ocr_par' dir='ltr' id='par_1_5' title="bbox 88 2493 1173 2897">
     <span class='ocr_line' id='line_1_20' title="bbox 88 2493 1172 2572; baseline -0.003 -15"><span class='ocrx_word' id='word_1_162' title='bbox 88 2516 319 2572; x_wconf 85' lang='lat' dir='ltr'>nonnumquam</span> <span class='ocrx_word' id='word_1_163' title='bbox 340 2515 440 2556; x_wconf 88' lang='lat' dir='ltr'>versus</span> <span class='ocrx_word' id='word_1_164' title='bbox 462 2494 588 2555; x_wconf 90' lang='lat' dir='ltr'>Homeri</span> <span class='ocrx_word' id='word_1_165' title='bbox 606 2493 710 2554; x_wconf 91' lang='lat' dir='ltr'>leviter</span> <span class='ocrx_word' id='word_1_166' title='bbox 725 2503 853 2554; x_wconf 88' lang='lat' dir='ltr'>mutatos</span> <span class='ocrx_word' id='word_1_167' title='bbox 868 2493 993 2555; x_wconf 89' lang='lat' dir='ltr'>adhibet</span> <span class='ocrx_word' id='word_1_168' title='bbox 1005 2515 1056 2571; x_wconf 91' lang='lat' dir='ltr'>per</span> <span class='ocrx_word' id='word_1_169' title='bbox 1071 2495 1172 2556; x_wconf 90' lang='lat' dir='ltr'>iocum</span> 
     </span>
     <span class='ocr_line' id='line_1_21' title="bbox 88 2601 1173 2680; baseline 0 -18"><span class='ocrx_word' id='word_1_170' title='bbox 88 2606 140 2663; x_wconf 87' lang='lat' dir='ltr'>vel</span> <span class='ocrx_word' id='word_1_171' title='bbox 162 2605 260 2662; x_wconf 92' lang='lat' dir='ltr'>Matro</span> <span class='ocrx_word' id='word_1_172' title='bbox 282 2605 403 2677; x_wconf 89' lang='lat' dir='ltr'>(Athen.</span> <span class='ocrx_word' id='word_1_173' title='bbox 424 2604 468 2661; x_wconf 91' lang='lat' dir='ltr'>IV</span> <span class='ocrx_word' id='word_1_174' title='bbox 489 2621 528 2680; x_wconf 87' lang='lat' dir='ltr'>pg</span> <span class='ocrx_word' id='word_1_175' title='bbox 553 2621 609 2678; x_wconf 83' lang='lat'>134</span> <span class='ocrx_word' id='word_1_176' title='bbox 631 2601 662 2662; x_wconf 90' lang='lat' dir='ltr'>d.</span> <span class='ocrx_word' id='word_1_177' title='bbox 685 2605 778 2678; x_wconf 82' lang='lat' dir='ltr'>sqq.);</span> <span class='ocrx_word' id='word_1_178' title='bbox 800 2610 845 2660; x_wconf 83' lang='lat' dir='ltr'>est</span> <span class='ocrx_word' id='word_1_179' title='bbox 867 2601 967 2671; x_wconf 91' lang='lat' dir='ltr'>etiam,</span> <span class='ocrx_word' id='word_1_180' title='bbox 990 2601 1041 2661; x_wconf 91' lang='lat' dir='ltr'>ubi</span> <span class='ocrx_word' id='word_1_181' title='bbox 1065 2602 1173 2662; x_wconf 87' lang='lat' dir='ltr'>talibus</span> 
     </span>
     <span class='ocr_line' id='line_1_22' title="bbox 89 2707 1173 2788; baseline -0.003 -18"><span class='ocrx_word' id='word_1_182' title='bbox 89 2709 320 2788; x_wconf 90' lang='lat' dir='ltr'>repetitionibus</span> <span class='ocrx_word' id='word_1_183' title='bbox 352 2708 496 2769; x_wconf 89' lang='lat' dir='ltr'>sententia</span> <span class='ocrx_word' id='word_1_184' title='bbox 529 2707 654 2768; x_wconf 90' lang='lat' dir='ltr'>omnino</span> <span class='ocrx_word' id='word_1_185' title='bbox 679 2707 870 2783; x_wconf 89' lang='lat' dir='ltr'>pessumdata</span> <span class='ocrx_word' id='word_1_186' title='bbox 891 2707 941 2769; x_wconf 88' lang='lat' dir='ltr'>sit:</span> <span class='ocrx_word' id='word_1_187' title='bbox 976 2709 1058 2768; x_wconf 92' lang='lat' dir='ltr'>cuius</span> <span class='ocrx_word' id='word_1_188' title='bbox 1080 2709 1121 2769; x_wconf 92' lang='lat' dir='ltr'>rei</span> <span class='ocrx_word' id='word_1_189' title='bbox 1142 2710 1173 2768; x_wconf 92' lang='lat' dir='ltr'>in</span> 
     </span>
     <span class='ocr_line' id='line_1_23' title="bbox 88 2814 1173 2897; baseline -0.004 -19"><span class='ocrx_word' id='word_1_190' title='bbox 88 2818 218 2897; x_wconf 86' lang='lat' dir='ltr'>paginae</span> <span class='ocrx_word' id='word_1_191' title='bbox 250 2819 333 2877; x_wconf 89' lang='lat' dir='ltr'>calce</span> <span class='ocrx_word' id='word_1_192' title='bbox 354 2818 489 2893; x_wconf 86' lang='lat' dir='ltr'>exempla</span> <span class='ocrx_word' id='word_1_193' title='bbox 510 2814 657 2891; x_wconf 86' lang='lat' dir='ltr'>quaedam</span> <span class='ocrx_word' id='word_1_194' title='bbox 679 2814 890 2892; x_wconf 88' lang='lat' dir='ltr'>adscripsimus</span> <span class='ocrx_word' id='word_1_195' title='bbox 916 2814 955 2896; x_wconf 86' lang='lat' dir='ltr'>a).</span> <span class='ocrx_word' id='word_1_196' title='bbox 998 2819 1089 2875; x_wconf 89' lang='lat' dir='ltr'>Hanc</span> <span class='ocrx_word' id='word_1_197' title='bbox 1110 2835 1173 2875; x_wconf 89' lang='lat' dir='ltr'>rem</span> 
     </span>
    </p>
   </div>
   <div class='ocr_carea' id='block_1_5' title="bbox 87 3084 1174 4300">
    <p class='ocr_par' dir='ltr' id='par_1_6' title="bbox 129 3084 940 3156">
     <span class='ocr_line' id='line_1_24' title="bbox 129 3084 940 3156; baseline -0.001 -20"><span class='ocrx_word' id='word_1_198' title='bbox 129 3091 152 3145; x_wconf 84' lang='lat' dir='ltr'>r)</span> <span class='ocrx_word' id='word_1_199' title='bbox 172 3086 204 3136; x_wconf 85' lang='lat' dir='ltr'>ci.</span> <span class='ocrx_word' id='word_1_200' title='bbox 224 3087 244 3134; x_wconf 93' lang='lat' dir='ltr'><strong>B</strong></span> <span class='ocrx_word' id='word_1_201' title='bbox 266 3084 313 3135; x_wconf 88' lang='lat'>118</span> <span class='ocrx_word' id='word_1_202' title='bbox 332 3087 344 3134; x_wconf 96' lang='grc' dir='ltr'>Ι</span> <span class='ocrx_word' id='word_1_203' title='bbox 364 3096 394 3149; x_wconf 84' lang='lat'>25</span> <span class='ocrx_word' id='word_1_204' title='bbox 415 3121 421 3133; x_wconf 92' lang='lat'><strong>.</strong></span> <span class='ocrx_word' id='word_1_205' title='bbox 440 3123 446 3137; x_wconf 91' lang='lat'>.</span> <span class='ocrx_word' id='word_1_206' title='bbox 464 3087 516 3156; x_wconf 77' lang='grc' dir='ltr'><strong><em>τοῦ</em></strong></span> <span class='ocrx_word' id='word_1_207' title='bbox 536 3085 589 3152; x_wconf 71' lang='grc' dir='ltr'>γὰρ</span> <span class='ocrx_word' id='word_1_208' title='bbox 609 3085 706 3150; x_wconf 81' lang='grc' dir='ltr'><strong><em>κράτος</em></strong></span> <span class='ocrx_word' id='word_1_209' title='bbox 724 3085 783 3134; x_wconf 76' lang='grc' dir='ltr'><strong><em>ἐστὶ</em></strong></span> <span class='ocrx_word' id='word_1_210' title='bbox 803 3085 940 3151; x_wconf 72' lang='grc' dir='ltr'><strong><em>μέγιστον.</em></strong></span> 
     </span>
    </p>

    <p class='ocr_par' dir='ltr' id='par_1_7' title="bbox 87 3165 1174 4218">
     <span class='ocr_line' id='line_1_25' title="bbox 128 3165 1173 3234; baseline -0.001 -17"><span class='ocrx_word' id='word_1_211' title='bbox 128 3172 152 3229; x_wconf 88' lang='lat'>2)</span> <span class='ocrx_word' id='word_1_212' title='bbox 173 3167 191 3216; x_wconf 81' lang='grc' dir='ltr'><em>δ</em></span> <span class='ocrx_word' id='word_1_213' title='bbox 203 3177 251 3232; x_wconf 85' lang='grc'>579</span> <span class='ocrx_word' id='word_1_214' title='bbox 269 3174 324 3216; x_wconf 90' lang='lat' dir='ltr'>cet.</span> <span class='ocrx_word' id='word_1_215' title='bbox 342 3167 402 3214; x_wconf 85' lang='lat' dir='ltr'>Post</span> <span class='ocrx_word' id='word_1_216' title='bbox 420 3165 515 3229; x_wconf 86' lang='lat' dir='ltr'>primas</span> <span class='ocrx_word' id='word_1_217' title='bbox 527 3180 650 3229; x_wconf 90' lang='lat' dir='ltr'>personas</span> <span class='ocrx_word' id='word_1_218' title='bbox 662 3165 816 3234; x_wconf 75' lang='grc' dir='ltr'><strong><em>ἐρύσσαμεν</em></strong></span> <span class='ocrx_word' id='word_1_219' title='bbox 826 3208 831 3219; x_wconf 93' lang='grc'><strong>.</strong></span> <span class='ocrx_word' id='word_1_220' title='bbox 843 3205 849 3218; x_wconf 93' lang='grc'><strong>.</strong></span> <span class='ocrx_word' id='word_1_221' title='bbox 862 3206 867 3217; x_wconf 90' lang='grc'><em>.</em></span> <span class='ocrx_word' id='word_1_222' title='bbox 880 3168 1043 3230; x_wconf 83' lang='grc' dir='ltr'><strong><em>τιθέμεσθα</em></strong></span> <span class='ocrx_word' id='word_1_223' title='bbox 1057 3170 1116 3231; x_wconf 84' lang='grc'>(577</span> <span class='ocrx_word' id='word_1_224' title='bbox 1126 3169 1173 3233; x_wconf 85' lang='lat' dir='ltr'>sq.)</span> 
     </span>
     <span class='ocr_line' id='line_1_26' title="bbox 90 3246 1174 3313; baseline -0.004 -13"><span class='ocrx_word' id='word_1_225' title='bbox 90 3250 193 3302; x_wconf 88' lang='lat' dir='ltr'>subitus</span> <span class='ocrx_word' id='word_1_226' title='bbox 219 3247 326 3297; x_wconf 90' lang='lat' dir='ltr'>tansitus</span> <span class='ocrx_word' id='word_1_227' title='bbox 352 3246 384 3294; x_wconf 89' lang='lat' dir='ltr'>ad</span> <span class='ocrx_word' id='word_1_228' title='bbox 410 3246 496 3294; x_wconf 85' lang='lat' dir='ltr'>tertias</span> <span class='ocrx_word' id='word_1_229' title='bbox 522 3260 647 3310; x_wconf 87' lang='lat' dir='ltr'>personas</span> <span class='ocrx_word' id='word_1_230' title='bbox 676 3252 854 3313; x_wconf 67' lang='grc' dir='ltr'><strong><em>καθῖζον...</em></strong></span> <span class='ocrx_word' id='word_1_231' title='bbox 873 3250 978 3300; x_wconf 76' lang='grc' dir='ltr'><strong><em>τύπτον</em></strong></span> <span class='ocrx_word' id='word_1_232' title='bbox 1001 3253 1061 3313; x_wconf 84' lang='grc'>(579</span> <span class='ocrx_word' id='word_1_233' title='bbox 1091 3248 1174 3313; x_wconf 83' lang='lat' dir='ltr'>sqq.);</span> 
     </span>
     <span class='ocr_line' id='line_1_27' title="bbox 88 3327 1172 3397; baseline -0.004 -17"><span class='ocrx_word' id='word_1_234' title='bbox 88 3346 181 3380; x_wconf 90' lang='lat' dir='ltr'>versus</span> <span class='ocrx_word' id='word_1_235' title='bbox 205 3340 254 3394; x_wconf 83' lang='lat'>579</span> <span class='ocrx_word' id='word_1_236' title='bbox 274 3344 311 3394; x_wconf 92' lang='lat' dir='ltr'>sq.</span> <span class='ocrx_word' id='word_1_237' title='bbox 330 3327 396 3376; x_wconf 88' lang='lat' dir='ltr'>male</span> <span class='ocrx_word' id='word_1_238' title='bbox 411 3327 511 3392; x_wconf 89' lang='lat' dir='ltr'>repetiti</span> <span class='ocrx_word' id='word_1_239' title='bbox 530 3342 560 3375; x_wconf 86' lang='lat' dir='ltr'>ex</span> <span class='ocrx_word' id='word_1_240' title='bbox 579 3347 588 3374; x_wconf 87' lang='grc' dir='ltr'><strong><em>ι</em></strong></span> <span class='ocrx_word' id='word_1_241' title='bbox 611 3340 658 3391; x_wconf 89' lang='lat'>104</span> <span class='ocrx_word' id='word_1_242' title='bbox 677 3347 715 3397; x_wconf 88' lang='lat' dir='ltr'>sq.</span> <span class='ocrx_word' id='word_1_243' title='bbox 731 3337 753 3394; x_wconf 70' lang='grc' dir='ltr'><strong><em>μ</em></strong></span> <span class='ocrx_word' id='word_1_244' title='bbox 770 3344 821 3394; x_wconf 88' lang='grc' dir='ltr'>4ι9</span> <span class='ocrx_word' id='word_1_245' title='bbox 843 3347 880 3396; x_wconf 86' lang='lat' dir='ltr'>sq.</span> <span class='ocrx_word' id='word_1_246' title='bbox 898 3330 940 3379; x_wconf 87' lang='lat' dir='ltr'>vel</span> <span class='ocrx_word' id='word_1_247' title='bbox 958 3329 1036 3379; x_wconf 91' lang='lat' dir='ltr'>simili</span> <span class='ocrx_word' id='word_1_248' title='bbox 1053 3327 1120 3378; x_wconf 91' lang='lat' dir='ltr'>loco.</span> <span class='ocrx_word' id='word_1_249' title='bbox 1139 3354 1172 3365; x_wconf 93' lang='lat'><em>-</em></span> 
     </span>
     <span class='ocr_line' id='line_1_28' title="bbox 88 3407 1173 3478; baseline -0.004 -18"><span class='ocrx_word' id='word_1_250' title='bbox 88 3414 184 3461; x_wconf 67' lang='lat' dir='ltr'>Itemo</span> <span class='ocrx_word' id='word_1_251' title='bbox 214 3420 246 3474; x_wconf 82' lang='lat'>54</span> <span class='ocrx_word' id='word_1_252' title='bbox 267 3425 305 3475; x_wconf 91' lang='lat' dir='ltr'>sq.</span> <span class='ocrx_word' id='word_1_253' title='bbox 333 3424 363 3456; x_wconf 86' lang='lat' dir='ltr'>ex</span> <span class='ocrx_word' id='word_1_254' title='bbox 382 3407 411 3456; x_wconf 91' lang='grc' dir='ltr'><strong><em>Σ</em></strong></span> <span class='ocrx_word' id='word_1_255' title='bbox 426 3418 474 3471; x_wconf 83' lang='lat'>533</span> <span class='ocrx_word' id='word_1_256' title='bbox 493 3423 538 3473; x_wconf 89' lang='lat' dir='ltr'>sq.,</span> <span class='ocrx_word' id='word_1_257' title='bbox 560 3411 576 3472; x_wconf 75' lang='grc' dir='ltr'><em>ζ</em></span> <span class='ocrx_word' id='word_1_258' title='bbox 598 3410 646 3458; x_wconf 81' lang='lat'>208</span> <span class='ocrx_word' id='word_1_259' title='bbox 666 3412 741 3470; x_wconf 80' lang='grc' dir='ltr'><strong><em>δόσις</em></strong></span> <span class='ocrx_word' id='word_1_260' title='bbox 760 3409 873 3478; x_wconf 79' lang='grc' dir='ltr'><strong><em>δ’ὀλέγη</em></strong></span> <span class='ocrx_word' id='word_1_261' title='bbox 892 3431 923 3462; x_wconf 79' lang='grc' dir='ltr'><strong><em>τι</em></strong></span> <span class='ocrx_word' id='word_1_262' title='bbox 942 3411 1008 3478; x_wconf 75' lang='grc' dir='ltr'><strong><em>ρι’λη</em></strong></span> <span class='ocrx_word' id='word_1_263' title='bbox 1026 3430 1067 3460; x_wconf 74' lang='grc' dir='ltr'><strong><em>τι.</em></strong></span> <span class='ocrx_word' id='word_1_264' title='bbox 1102 3408 1173 3457; x_wconf 83' lang='lat' dir='ltr'>Haec</span> 
     </span>
     <span class='ocr_line' id='line_1_29' title="bbox 88 3487 1172 3558; baseline -0.006 -13"><span class='ocrx_word' id='word_1_265' title='bbox 88 3507 183 3542; x_wconf 83' lang='lat' dir='ltr'>manca</span> <span class='ocrx_word' id='word_1_266' title='bbox 202 3499 275 3540; x_wconf 87' lang='lat' dir='ltr'>sunt:</span> <span class='ocrx_word' id='word_1_267' title='bbox 294 3489 410 3554; x_wconf 82' lang='lat' dir='ltr'>pleniora</span> <span class='ocrx_word' id='word_1_268' title='bbox 428 3491 440 3545; x_wconf 79' lang='lat' dir='ltr'>t</span> <span class='ocrx_word' id='word_1_269' title='bbox 461 3487 507 3554; x_wconf 80' lang='lat'>583</span> <span class='ocrx_word' id='word_1_270' title='bbox 525 3488 585 3538; x_wconf 85' lang='lat' dir='ltr'>item</span> <span class='ocrx_word' id='word_1_271' title='bbox 603 3508 620 3555; x_wconf 87' lang='grc' dir='ltr'><em>η</em></span> <span class='ocrx_word' id='word_1_272' title='bbox 642 3507 674 3558; x_wconf 86' lang='lat'>97</span> <span class='ocrx_word' id='word_1_273' title='bbox 688 3491 751 3544; x_wconf 70' lang='grc' dir='ltr'>ἕνθ’</span> <span class='ocrx_word' id='word_1_274' title='bbox 766 3495 806 3545; x_wconf 62' lang='lat' dir='ltr'>let</span> <span class='ocrx_word' id='word_1_275' title='bbox 816 3494 918 3544; x_wconf 79' lang='grc' dir='ltr'><strong><em>πέπλοι</em></strong></span> <span class='ocrx_word' id='word_1_276' title='bbox 930 3491 1172 3557; x_wconf 72' lang='grc' dir='ltr'><strong><em>Αιπτιὶέοιιηιιι</em></strong></span> 
     </span>
     <span class='ocr_line' id='line_1_30' title="bbox 89 3571 1172 3640; baseline -0.002 -17"><span class='ocrx_word' id='word_1_277' title='bbox 89 3573 264 3640; x_wconf 71' lang='grc' dir='ltr'><strong><em>βεβλήατο,</em></strong></span> <span class='ocrx_word' id='word_1_278' title='bbox 291 3571 330 3638; x_wconf 75' lang='grc' dir='ltr'>ἔρ</span> <span class='ocrx_word' id='word_1_279' title='bbox 351 3589 395 3638; x_wconf 76' lang='grc' dir='ltr'>μα</span> <span class='ocrx_word' id='word_1_280' title='bbox 423 3573 621 3635; x_wconf 77' lang='grc' dir='ltr'>γυναικῶν</span> <span class='ocrx_word' id='word_1_281' title='bbox 650 3576 678 3625; x_wconf 83' lang='lat' dir='ltr'>cf</span> <span class='ocrx_word' id='word_1_282' title='bbox 701 3577 727 3625; x_wconf 93' lang='lat' dir='ltr'><strong><em>Z</em></strong></span> <span class='ocrx_word' id='word_1_283' title='bbox 754 3575 803 3639; x_wconf 89' lang='lat'>289</span> <span class='ocrx_word' id='word_1_284' title='bbox 833 3573 895 3627; x_wconf 75' lang='grc' dir='ltr'>ἔνθ’</span> <span class='ocrx_word' id='word_1_285' title='bbox 927 3580 953 3629; x_wconf 77' lang='grc' dir='ltr'><strong><em>οἱ</em></strong></span> <span class='ocrx_word' id='word_1_286' title='bbox 973 3576 1038 3628; x_wconf 76' lang='grc' dir='ltr'>έσαν</span> <span class='ocrx_word' id='word_1_287' title='bbox 1063 3573 1172 3630; x_wconf 88' lang='grc' dir='ltr'><strong><em>πέπλοι,</em></strong></span> 
     </span>
     <span class='ocr_line' id='line_1_31' title="bbox 87 3652 1171 3725; baseline -0.002 -17"><span class='ocrx_word' id='word_1_288' title='bbox 87 3654 344 3720; x_wconf 69' lang='grc' dir='ltr'><strong><em>παμποίκιλα</em></strong></span> <span class='ocrx_word' id='word_1_289' title='bbox 364 3652 456 3719; x_wconf 76' lang='grc' dir='ltr'><strong><em>’ἕρμα</em></strong></span> <span class='ocrx_word' id='word_1_290' title='bbox 475 3658 670 3717; x_wconf 74' lang='grc' dir='ltr'>γυναικῶν</span> <span class='ocrx_word' id='word_1_291' title='bbox 691 3659 897 3710; x_wconf 76' lang='grc' dir='ltr'><strong><em>Σιδονίων</em></strong></span> <span class='ocrx_word' id='word_1_292' title='bbox 916 3659 1171 3725; x_wconf 71' lang='grc' dir='ltr'><strong><em>οοῐλέςῐιιὶματα</em></strong></span> 
     </span>
     <span class='ocr_line' id='line_1_32' title="bbox 90 3737 1171 3809; baseline 0.001 -23"><span class='ocrx_word' id='word_1_293' title='bbox 90 3739 196 3789; x_wconf 71' lang='lat' dir='ltr'>Aemo</span> <span class='ocrx_word' id='word_1_294' title='bbox 214 3756 245 3786; x_wconf 77' lang='lat' dir='ltr'>&#39;cr</span> <span class='ocrx_word' id='word_1_295' title='bbox 266 3740 312 3785; x_wconf 83' lang='grc' dir='ltr'><strong><em>καλ</em></strong></span> <span class='ocrx_word' id='word_1_296' title='bbox 333 3739 488 3802; x_wconf 72' lang='grc' dir='ltr'><strong><em>χαρίεντα,</em></strong></span> <span class='ocrx_word' id='word_1_297' title='bbox 506 3737 665 3802; x_wconf 70' lang='grc' dir='ltr'><strong><em>τετυγμένα</em></strong></span> <span class='ocrx_word' id='word_1_298' title='bbox 688 3743 768 3809; x_wconf 78' lang='grc' dir='ltr'><strong><em>χερσὶ</em></strong></span> <span class='ocrx_word' id='word_1_299' title='bbox 788 3743 935 3808; x_wconf 60' lang='grc' dir='ltr'>γυναικῶν,</span> <span class='ocrx_word' id='word_1_300' title='bbox 972 3743 1001 3790; x_wconf 89' lang='lat' dir='ltr'>In</span> <span class='ocrx_word' id='word_1_301' title='bbox 1019 3756 1121 3789; x_wconf 69' lang='lat' dir='ltr'>versus</span> <span class='ocrx_word' id='word_1_302' title='bbox 1142 3751 1171 3804; x_wconf 79' lang='lat'>15</span> 
     </span>
     <span class='ocr_line' id='line_1_33' title="bbox 89 3819 1172 3890; baseline -0.001 -18"><span class='ocrx_word' id='word_1_303' title='bbox 89 3819 174 3888; x_wconf 75' lang='grc' dir='ltr'><strong><em>κήδε’</em></strong></span> <span class='ocrx_word' id='word_1_304' title='bbox 205 3821 267 3871; x_wconf 75' lang='grc' dir='ltr'><strong><em>ἕποι’</em></strong></span> <span class='ocrx_word' id='word_1_305' title='bbox 295 3840 339 3882; x_wconf 89' lang='grc' dir='ltr'>μοι</span> <span class='ocrx_word' id='word_1_306' title='bbox 366 3820 455 3870; x_wconf 81' lang='grc' dir='ltr'><strong><em>πολλὰ</em></strong></span> <span class='ocrx_word' id='word_1_307' title='bbox 476 3819 561 3870; x_wconf 76' lang='grc' dir='ltr'><strong><em>δόσαν</em></strong></span> <span class='ocrx_word' id='word_1_308' title='bbox 581 3822 644 3870; x_wconf 87' lang='lat' dir='ltr'>ordo</span> <span class='ocrx_word' id='word_1_309' title='bbox 662 3823 795 3873; x_wconf 91' lang='lat' dir='ltr'>verborum</span> <span class='ocrx_word' id='word_1_310' title='bbox 813 3825 876 3873; x_wconf 90' lang='lat' dir='ltr'>vitio</span> <span class='ocrx_word' id='word_1_311' title='bbox 894 3826 1007 3890; x_wconf 77' lang='lat' dir='ltr'>laborat3</span> <span class='ocrx_word' id='word_1_312' title='bbox 1029 3839 1059 3872; x_wconf 90' lang='lat' dir='ltr'>ex</span> <span class='ocrx_word' id='word_1_313' title='bbox 1078 3841 1095 3889; x_wconf 78' lang='grc' dir='ltr'><em>η</em></span> <span class='ocrx_word' id='word_1_314' title='bbox 1114 3834 1172 3885; x_wconf 88' lang='lat'><strong>292.</strong></span> 
     </span>
     <span class='ocr_line' id='line_1_34' title="bbox 91 3900 1172 3970; baseline -0.003 -16"><span class='ocrx_word' id='word_1_315' title='bbox 91 3925 104 3954; x_wconf 87' lang='grc' dir='ltr'><strong><em>ο</em></strong></span> <span class='ocrx_word' id='word_1_316' title='bbox 136 3917 169 3967; x_wconf 79' lang='lat'>39</span> <span class='ocrx_word' id='word_1_317' title='bbox 199 3902 227 3960; x_wconf 79' lang='grc' dir='ltr'>ὃς</span> <span class='ocrx_word' id='word_1_318' title='bbox 256 3922 297 3952; x_wconf 86' lang='grc' dir='ltr'>τοι</span> <span class='ocrx_word' id='word_1_319' title='bbox 320 3901 543 3968; x_wconf 77' lang='grc' dir='ltr'><strong><em>ὑῶνέπέοορος,</em></strong></span> <span class='ocrx_word' id='word_1_320' title='bbox 565 3902 660 3964; x_wconf 82' lang='grc' dir='ltr'><strong><em>ὁμῶς</em></strong></span> <span class='ocrx_word' id='word_1_321' title='bbox 678 3903 711 3954; x_wconf 81' lang='grc' dir='ltr'>δι’</span> <span class='ocrx_word' id='word_1_322' title='bbox 731 3924 774 3954; x_wconf 87' lang='grc' dir='ltr'>τοι</span> <span class='ocrx_word' id='word_1_323' title='bbox 793 3907 862 3970; x_wconf 85' lang='grc' dir='ltr'><strong><em>ήπια</em></strong></span> <span class='ocrx_word' id='word_1_324' title='bbox 882 3900 970 3957; x_wconf 73' lang='grc' dir='ltr'><strong><em>οἶδεν.</em></strong></span> <span class='ocrx_word' id='word_1_325' title='bbox 1005 3905 1095 3967; x_wconf 89' lang='lat' dir='ltr'>Inepte</span> <span class='ocrx_word' id='word_1_326' title='bbox 1113 3903 1172 3969; x_wconf 85' lang='lat' dir='ltr'>quia</span> 
     </span>
     <span class='ocr_line' id='line_1_35' title="bbox 92 3985 1172 4053; baseline -0.001 -18"><span class='ocrx_word' id='word_1_327' title='bbox 92 3985 260 4051; x_wconf 86' lang='lat' dir='ltr'>sequentibus</span> <span class='ocrx_word' id='word_1_328' title='bbox 281 3985 383 4034; x_wconf 90' lang='lat' dir='ltr'>omissis</span> <span class='ocrx_word' id='word_1_329' title='bbox 404 3985 537 4036; x_wconf 84' lang='lat' dir='ltr'>translatus</span> <span class='ocrx_word' id='word_1_330' title='bbox 556 4001 645 4035; x_wconf 87' lang='lat' dir='ltr'>versus</span> <span class='ocrx_word' id='word_1_331' title='bbox 665 4001 694 4034; x_wconf 89' lang='lat' dir='ltr'>ex</span> <span class='ocrx_word' id='word_1_332' title='bbox 712 4006 727 4035; x_wconf 76' lang='grc' dir='ltr'><em>ν</em></span> <span class='ocrx_word' id='word_1_333' title='bbox 746 4000 798 4047; x_wconf 89' lang='lat'>404</span> <span class='ocrx_word' id='word_1_334' title='bbox 815 3987 859 4036; x_wconf 92' lang='lat' dir='ltr'>ubi</span> <span class='ocrx_word' id='word_1_335' title='bbox 879 3987 1005 4053; x_wconf 87' lang='lat' dir='ltr'>sequitur:</span> <span class='ocrx_word' id='word_1_336' title='bbox 1030 3986 1123 4035; x_wconf 76' lang='grc' dir='ltr'><strong><em>παῖδά</em></strong></span> <span class='ocrx_word' id='word_1_337' title='bbox 1141 4003 1172 4034; x_wconf 77' lang='grc' dir='ltr'><strong><em>τι</em></strong></span> 
     </span>
     <span class='ocr_line' id='line_1_36' title="bbox 91 4053 1171 4137; baseline 0.004 -20"><span class='ocrx_word' id='word_1_338' title='bbox 91 4068 140 4117; x_wconf 76' lang='grc' dir='ltr'>τὸν</span> <span class='ocrx_word' id='word_1_339' title='bbox 162 4066 252 4128; x_wconf 73' lang='grc' dir='ltr'><strong><em>φιλέει</em></strong></span> <span class='ocrx_word' id='word_1_340' title='bbox 272 4067 318 4115; x_wconf 83' lang='grc' dir='ltr'>καὶ</span> <span class='ocrx_word' id='word_1_341' title='bbox 339 4076 385 4116; x_wconf 86' lang='lat' dir='ltr'>etc.</span> <span class='ocrx_word' id='word_1_342' title='bbox 405 4088 417 4117; x_wconf 88' lang='grc' dir='ltr'><strong><em>ο</em></strong></span> <span class='ocrx_word' id='word_1_343' title='bbox 438 4081 487 4130; x_wconf 88' lang='lat'>299</span> <span class='ocrx_word' id='word_1_344' title='bbox 504 4067 590 4119; x_wconf 70' lang='grc' dir='ltr'>ἔνθεν</span> <span class='ocrx_word' id='word_1_345' title='bbox 609 4053 678 4118; x_wconf 70' lang='lat' dir='ltr'>o‘ai</span> <span class='ocrx_word' id='word_1_346' title='bbox 697 4072 803 4135; x_wconf 81' lang='grc' dir='ltr'><strong><em>νήσοισι</em></strong></span> <span class='ocrx_word' id='word_1_347' title='bbox 820 4069 984 4137; x_wconf 67' lang='grc' dir='ltr'><strong><em>ἐπιπροέηκε</em></strong></span> <span class='ocrx_word' id='word_1_348' title='bbox 1003 4071 1121 4137; x_wconf 80' lang='grc' dir='ltr'><strong><em>θοῇσι</em></strong></span> <span class='ocrx_word' id='word_1_349' title='bbox 1139 4069 1171 4121; x_wconf 83' lang='lat' dir='ltr'>cf.</span> 
     </span>
     <span class='ocr_line' id='line_1_37' title="bbox 90 4147 851 4218; baseline 0.005 -21"><span class='ocrx_word' id='word_1_350' title='bbox 90 4151 109 4197; x_wconf 93' lang='lat' dir='ltr'><strong>P</strong></span> <span class='ocrx_word' id='word_1_351' title='bbox 132 4147 200 4210; x_wconf 86' lang='lat'><strong>708:</strong></span> <span class='ocrx_word' id='word_1_352' title='bbox 223 4157 313 4199; x_wconf 70' lang='grc' dir='ltr'>κεῖνον</span> <span class='ocrx_word' id='word_1_353' title='bbox 331 4147 381 4211; x_wconf 76' lang='grc' dir='ltr'>μὲν</span> <span class='ocrx_word' id='word_1_354' title='bbox 401 4149 437 4216; x_wconf 81' lang='grc' dir='ltr'>δὴ</span> <span class='ocrx_word' id='word_1_355' title='bbox 456 4151 552 4215; x_wconf 71' lang='grc' dir='ltr'>νηυσὶν</span> <span class='ocrx_word' id='word_1_356' title='bbox 569 4151 741 4218; x_wconf 79' lang='grc' dir='ltr'><strong><em>ἐπιπροέηκα</em></strong></span> <span class='ocrx_word' id='word_1_357' title='bbox 760 4153 851 4218; x_wconf 80' lang='grc' dir='ltr'><strong><em>θοῇσι.</em></strong></span> 
     </span>
    </p>

    <p class='ocr_par' dir='ltr' id='par_1_8' title="bbox 126 4229 764 4300">
     <span class='ocr_line' id='line_1_38' title="bbox 126 4229 764 4300; baseline 0.005 -22"><span class='ocrx_word' id='word_1_358' title='bbox 126 4229 205 4280; x_wconf 85' lang='lat' dir='ltr'>Multa</span> <span class='ocrx_word' id='word_1_359' title='bbox 223 4232 273 4280; x_wconf 88' lang='lat' dir='ltr'>alia</span> <span class='ocrx_word' id='word_1_360' title='bbox 291 4232 318 4280; x_wconf 87' lang='lat' dir='ltr'>in</span> <span class='ocrx_word' id='word_1_361' title='bbox 337 4232 501 4300; x_wconf 88' lang='lat' dir='ltr'>sequentibus</span> <span class='ocrx_word' id='word_1_362' title='bbox 519 4231 622 4282; x_wconf 84' lang='lat' dir='ltr'>afferam</span> <span class='ocrx_word' id='word_1_363' title='bbox 640 4233 764 4297; x_wconf 84' lang='lat' dir='ltr'>exempla.</span> 
     </span>
    </p>
   </div>
   <div class='ocr_carea' id='block_1_6' title="bbox 0 0 1468 4886">
    <p class='ocr_par' dir='ltr' id='par_1_9' title="bbox 0 0 1468 4886">
     <span class='ocr_line' id='line_1_39' title="bbox 0 0 1468 4886; baseline 0 0"><span class='ocrx_word' id='word_1_364' title='bbox 0 0 1468 4886; x_wconf 95' lang='lat' dir='ltr'> </span> 
     </span>
    </p>
   </div>
  </div>
 </body>
</html>
