2804 5518
758 331 814 389 106

255 511 313 573 suis
345 510 612 590 observationibus,
645 513 761 572 excelsa
793 512 936 582 doctrina,
966 517 1119 590 praeclaro
1141 513 1304 592 expositionis

255 597 377 678 artificio
408 630 475 695 post
507 619 727 678 Kirchhoffium
748 637 825 679 unus
845 620 979 680 omnium
1002 621 1128 680 maxime
1149 621 1259 680 valuisse
1277 621 1306 678 ad

255 726 334 786 hanc
355 725 561 801 quaestionem
584 727 757 787 solvendam
781 727 883 786 merito
905 727 1085 787 iudicandus
1107 738 1158 788 est.
1179 731 1305 788 Postremo

254 834 325 893 loco
344 832 431 893 nobis
452 833 624 892 tractandus
646 842 690 892 est

301 941 369 1001 Otto
410 941 506 1008 Seeck,
539 940 667 1014 Quellen
700 939 751 998 der
783 939 914 1016 Odyssee
949 942 1024 1016 1887
1080 942 1140 1016 Qui
1173 951 1308 1018 postquam

257 1046 356 1106 statuit
377 1046 445 1105 illos
466 1048 550 1106 locos
571 1045 621 1123 qui
644 1045 802 1104 narrationi
823 1062 912 1120 quam
931 1066 1011 1104 nunc
1025 1047 1166 1106 habemns
1180 1047 1310 1123 Odysseae

256 1165 426 1232 repugnent,
448 1153 582 1212 indicare
603 1151 801 1226 antiquiorem
822 1171 931 1210 nexum
952 1151 1010 1210 iam
1029 1152 1222 1229 deperditum,
1244 1169 1311 1210 com·

255 1261 363 1338 paratis
386 1260 438 1342 (ita
460 1271 492 1319 ut
514 1259 741 1320 monstravimus
764 1279 813 1335 pp.
838 1260 874 1335 96
900 1261 956 1336 sq.)
979 1259 1062 1319 libris
1080 1284 1095 1314 τ
1114 1271 1143 1320 et
1164 1285 1191 1332 y,
1216 1257 1314 1318 censuit

254 1367 375 1426 ultimae
410 1367 563 1443 Odysseae
594 1365 684 1443 partis
719 1367 920 1425 narrationem
941 1365 994 1424 niti
1017 1367 1133 1426 duobus
1155 1363 1316 1426 carminibus

253 1473 381 1534 heroicis
403 1472 555 1550 (‚‚Epen”)
580 1493 657 1551 quae
679 1469 841 1532 nonnullos
863 1491 961 1531 versus
984 1491 1159 1532 communes
1180 1468 1318 1530 habuerint

254 1580 283 1656 (τ
304 1600 361 1658 249
384 1606 423 1632 =
445 1600 465 1643 o
487 1599 552 1656 231,
584 1605 598 1635 τ
629 1599 685 1659 250
709 1601 744 1634 ε
769 1597 789 1644 o
812 1583 879 1654 206,
913 1605 928 1635 τ
951 1583 1008 1639 260
1030 1583 1182 1657 =o19)
1214 1591 1242 1638 et
1270 1595 1320 1635 nno

150 1707 152 1715 ¹
253 1696 405 1745 momento
426 1685 468 1744 ita
490 1685 731 1763 conspiraverint
752 1696 783 1744 ut
804 1687 833 1745 in
856 1698 981 1763 utroque
1002 1705 1056 1761 per
1070 1685 1234 1744 cicatricem
1248 1680 1320 1759 pedis
1382 1715 1383 1728 κ

252 1792 356 1853 Ulixes
387 1803 612 1870 agnosceretur,
646 1794 698 1852 sed
731 1792 763 1850 in
796 1795 890 1852 altero
913 1790 1008 1852 Seeck
1030 1803 1113 1869 putat
1134 1791 1231 1869 aptius
1250 1790 1322 1849 illum

254 1903 503 1984 a'uoeyvmpiopdv
525 1899 679 1959 inventum
694 1899 793 1968 fuisse,
812 1917 872 1975 quo
888 1900 1051 1976 Penelopes
1068 1899 1180 1959 auxilio
1194 1898 1224 1956 in
1240 1895 1322 1955 caede

253 2027 413 2084 procorum
436 2018 564 2066 uteretur
585 2007 688 2068 Ulixes
711 2007 843 2065 -inde
867 2020 965 2067 autem
988 2008 1117 2085 priorem
1142 2021 1255 2086 partem
1268 2003 1325 2064 libri

253 2139 269 2169 τ
281 2126 428 2190 sumptam
441 2133 503 2173 esse
508 2136 517 2188 3
529 2150 561 2158 -
574 2113 603 2172 in
617 2105 714 2174 altero'
722 2113 830 2175 occisis
842 2115 964 2174 demum
975 2115 1075 2192 procis
1086 2121 1325 2202 dpaypmpmpdu

254 2222 387 2281 evenisse
420 2222 458 2281 ad
492 2222 700 2281 stabiliendam
725 2221 878 2281 veritatem
901 2224 939 2283 de
961 2243 1088 2300 persona
1110 2224 1227 2300 Ulixis3
1248 2239 1329 2298 quare

253 2329 296 2389 ibi
328 2348 388 2388 non
420 2331 506 2388 rebus
538 2327 606 2403 ipsis
638 2329 763 2401 oblatus,
799 2330 850 2387 sed
884 2349 920 2389 ex
951 2329 1118 2408 antiquiore
1141 2331 1196 2390 illa
1220 2327 1330 2388 lictione

253 2446 415 2495 asservatus
436 2455 500 2495 esse
522 2435 646 2496 Seeckio
670 2436 796 2500 videtur.
820 2437 916 2517 Pergit
936 2437 1025 2515 igitur
1048 2441 1145 2499 Seeck
1163 2436 1332 2512 investigare

236 2542 326 2617 'quid
358 2542 397 2601 ad
427 2541 516 2618 prius,
547 2541 621 2616 quid
653 2542 691 2601 ad
723 2544 848 2603 alterum
881 2565 1000 2604 carmen
1030 2547 1226 2606 referendum
1249 2543 1284 2604 sit
1304 2562 1336 2601 ex

253 2647 355 2707 ultima
385 2660 467 2724 parte
499 2649 660 2727 Odysseae.
703 2653 737 2708 In
769 2637 936 2728 antiquiore
970 2652 1101 2712 carmine
1130 2687 1170 2698 —
1196 2665 1229 2712 ut
1250 2647 1336 2727 suspi-

253 2765 336 2814 catur
356 2791 395 2800 -
418 2753 520 2815 Ulixes
544 2755 658 2832 agnitus
680 2767 709 2816 et
724 2757 843 2816 adiutus
857 2777 875 2815 a
890 2761 1051 2835 Penelope,
1066 2760 1143 2819 dolo
1161 2757 1338 2836 composito,

252 2881 361 2940 procos
393 2861 503 2938 sagittis
534 2862 665 2941 confixit,
698 2875 731 2922 ut
757 2874 800 2923 est
822 2864 909 2925 initio
931 2865 1075 2926 librorum
1096 2893 1113 2924 a
1135 2879 1167 2926 et
1187 2885 1223 2946 13
1255 2881 1339 2944 quare

252 2968 284 3027 id
305 2988 423 3027 carmen
445 2970 539 3029 Seeck
563 2980 651 3028 vocat
674 2971 743 3044 „die
765 2971 901 3048 Odyssee
924 2972 978 3032 des
999 2973 1269 3052 Bogenkampfes'’
1291 2990 1342 3031 nos

251 3076 347 3136 littera
362 3075 394 3132 'A
410 3075 621 3137 indicabimus
646 3077 760 3136 Caedes
781 3088 877 3137 autem
896 3096 1054 3155 procorum
1069 3081 1248 3142 secundum
1263 3083 1342 3142 Seec-

252 3183 334 3242 kium
354 3182 383 3241 in
399 3189 427 3237 A
444 3193 564 3260 peracta
584 3197 627 3242 est
648 3185 687 3245 ab
707 3183 795 3246 Ulixe
810 3185 957 3262 praesidio
972 3187 1154 3246 Telemachi
1173 3199 1206 3248 et
1221 3191 1343 3248 duorum

252 3271 401 3366 pastorum
424 3310 486 3357 uso,
509 3290 557 3349 die
580 3290 656 3351 festo
680 3292 838 3368 Apollinis,
861 3291 911 3368 qui
933 3293 1044 3370 patrius
1067 3296 1203 3356 Ulixeae
1218 3295 1345 3357 familiae

253 3396 326 3455 deus
359 3397 526 3455 aestimatus
548 3396 584 3456 sit
610 3400 638 3473 (τ
659 3399 708 3473 86,
729 3423 744 3455 a
767 3403 835 3477 276,
856 3424 873 3464 φ
894 3403 962 3476 338,
991 3402 1058 3476 267,
1081 3405 1159 3479 364,
1184 3431 1204 3478 χ
1227 3407 1258 3481 7)
1281 3422 1347 3474 non,

252 3502 334 3563 utin
358 3515 459 3563 nostra
482 3505 624 3581 Odyssea,
646 3505 788 3564 Minerva.
812 3510 847 3566 In
859 3505 1024 3567 recentiore
1047 3509 1195 3570 carmine
1212 3509 1350 3588 -quod

252 3609 302 3668 ille
335 3609 406 3683 „die
429 3611 562 3688 Odyssee
585 3613 637 3671 des
660 3612 903 3690 Speerkampses”
925 3613 1068 3688 nominat,
1092 3636 1114 3675 a
1137 3619 1236 3679 nobis
1258 3619 1351 3680 littera

252 3722 279 3772 Β
307 3725 425 3775 notatur
457 3753 493 3764 -
526 3719 621 3778 inscia
653 3721 801 3797 Penelope
833 3721 955 3780 eaedem
989 3741 1157 3798 procorum
1187 3729 1352 3790 secundnm

251 3823 508 3899 praeparationem
538 3827 570 3885 in
592 3849 613 3883 π
632 3828 738 3885 factam
762 3826 835 3886 dicit
856 3848 907 3904 per
928 3828 1046 3888 Ulixem
1069 3842 1101 3891 et
1129 3837 1354 3898 Telemachum

252 3929 284 3988 in
316 3949 426 4006 procos
459 3931 558 3991 subito
581 3933 692 4010 impetn
715 3935 805 3994 hastis
827 3935 981 3996 asservatis
1002 3936 1177 4019 irruentes;
1212 3966 1307 4024 quare
1326 3946 1355 4005 in

253 4038 345 4097 altera
367 4051 450 4115 parte
472 4039 540 4099 libri
562 4064 579 4111 χ
599 4041 637 4099 de
653 4040 741 4100 armis
756 4043 934 4119 absportatis
950 4063 1124 4108 sermonem
1142 4053 1216 4116 fieri
1233 4058 1263 4131 (y
1281 4059 1359 4134 139),

253 4163 329 4226 quae
352 4167 398 4212 res
419 4167 476 4214 nec
497 4149 527 4213 in
548 4148 646 4234 priore
670 4160 753 4234 parte
773 4149 906 4218 eiusdem
930 4150 998 4218 libri
1020 4172 1077 4220 nec
1105 4157 1142 4218 in
1162 4195 1182 4240 φ
1205 4155 1358 4244 appareat
