2928 4886
613 416 649 472 37

82 577 171 636 dicit.
197 577 291 650 Quod
314 595 497 654 quamquam
522 577 686 639 Kirchhoff
708 600 768 639 non
790 580 860 642 satis
880 581 1022 656 probasse
1047 553 1172 651 videtur,

82 696 189 744 tamen
211 685 350 762 equidem
372 705 409 744 eo
432 704 524 760 nsque
545 686 718 763 progredior
739 697 770 745 ut
791 685 925 745 dubitem
937 699 1036 745 utrum
1049 688 1174 748 omnino

83 793 180 851 ullam
203 803 313 850 certam
336 791 492 868 Odysseae
510 795 636 853 formam
653 793 874 855 continuaverit
888 794 1068 872 Telegonia;
1088 812 1173 871 quae,

81 900 109 958 si
129 918 203 976 non,
225 908 256 957 ut
279 899 413 976 Odyssea
433 897 506 976 ipsa,
521 900 712 976 popularibus
727 899 948 961 narrationibus
963 902 1106 962 niteretur
1121 903 1174 962 sed

80 1023 276 1083 quacumque
288 1009 383 1066 forma
394 1008 559 1066 absolutam
566 1009 732 1085 Odysseam
743 1009 1012 1086 continuaret,non
1024 1019 1084 1069 tam
1094 1011 1173 1070 miris

82 1113 188 1172 modis
209 1113 241 1171 in
265 1113 351 1172 rebus
372 1113 459 1173 novis
473 1113 626 1173 narrandis
642 1113 811 1176 recessisset
826 1115 864 1174 ab
880 1113 982 1174 indole
997 1125 1026 1174 et
1037 1119 1172 1193 exemplo

82 1220 203 1298 cogniti
226 1219 373 1280 carminis.
396 1221 481 1279 Idem
503 1220 592 1280 etiam
619 1221 657 1280 de
672 1221 793 1297 reliquis
806 1222 885 1300 epici
900 1222 976 1299 cycli
992 1223 1173 1283 carminibus

81 1345 156 1386 cum
172 1327 265 1386 Iliade
280 1337 309 1386 et
320 1327 456 1404 Odyssea
470 1327 647 1404 comparatis
661 1329 885 1406 observandum
898 1339 956 1402 est3
979 1348 1036 1388 nec
1050 1325 1173 1390 fortasse
1264 1369 1267 1374 ,

79 1436 124 1493 ad
164 1433 253 1492 aliam
291 1433 467 1492 'seutentiam
507 1433 684 1494 deducimur
723 1435 896 1497 examinatis
935 1437 1067 1495 Graecae
1102 1437 1172 1496 artis

80 1539 299 1616 antiquissimis
313 1537 524 1620 monumentis,
539 1562 609 1601 vasa
624 1541 692 1602 dico
708 1544 799 1603 rubro
814 1542 895 1624 picta
911 1562 988 1602 saec.
1005 1543 1048 1602 VI
1063 1564 1089 1603 a.
1102 1545 1173 1605 Chr.

81 1668 133 1708 n.:
159 1665 248 1722 quarn
270 1666 334 1706 rem
357 1648 490 1724 pluribus
514 1648 649 1726 persequi
668 1668 725 1708 nec
740 1648 846 1726 peritia
860 1669 927 1709 mea
942 1669 998 1708 nec
1013 1651 1084 1710 lines
1101 1650 1173 1715 mihi

83 1755 235 1832 propositi
261 1753 372 1814 sinunt.

127 1861 191 1921 Sed
222 1860 300 1921 enim
332 1860 415 1920 aliud
445 1873 489 1920 est
510 1861 754 1922 observationum
779 1881 884 1940 genus,
906 1881 965 1939 quo
994 1863 1172 1924 Kirchhoffii

81 1987 216 2030 acumen
248 1970 377 2028 maxime
408 1970 553 2046 splendet,
585 1969 625 2028 ad
658 1988 731 2046 quas
752 1969 812 2030 iam
836 1982 1028 2030 transeamus.
1071 1971 1171 2030 Primo

81 2095 210 2138 excursu
233 2077 293 2154 agit
312 2077 435 2136 deloco
455 2100 472 2130 α
492 2078 667 2154 269—302:
681 2096 836 2154 exponens
847 2077 1035 2138 deficientem
1051 2087 1168 2137 senten·

81 2189 193 2244 tiarum
225 2202 334 2242 nexum
365 2183 398 2242 in
430 2183 560 2244 consiliis
595 2183 751 2244 Minervae
776 2185 935 2245 ‘suadentis
971 2186 1168 2245 Telemacho:

84 2297 115 2366 1)
151 2301 182 2350 ut
210 2291 352 2350 contione
378 2301 546 2350 convocata
569 2293 728 2352 absterreat
749 2312 767 2350 a
788 2291 943 2369 proposito
966 2311 1084 2368 procos,
1107 2313 1171 2352 ma-

81 2412 222 2474 tremque
255 2398 426 2475 parentibus
454 2398 514 2458 suis
534 2399 665 2459 remittat
672 2421 681 2473 3
714 2399 837 2478 deinde,
857 2419 918 2459 non
940 2399 1045 2459 addito
1068 2401 1171 2474 „quod

81 2506 106 2566 si
143 2506 240 2565 minus
268 2505 464 2582 processerit”
487 2508 583 2585 pergit
603 2506 730 2567 hortari:
754 2513 783 2584 2)
805 2516 837 2565 ut
857 2527 933 2566 nave
954 2506 1096 2568 instructa
1116 2509 1171 2568 iter

80 2612 175 2672 faciat
198 2614 301 2690 Pylum
325 2624 354 2672 et
375 2617 509 2691 Spartam
531 2615 569 2674 ad
591 2614 795 2690 indagandum
822 2632 893 2672 num
916 2614 998 2674 vivat
1020 2615 1125 2675 Ulixes
1140 2627 1171 2674 et

81 2720 139 2779 ubi
170 2730 317 2798 versetur3
340 2740 430 2796 quem
452 2721 476 2780 si
497 2733 647 2782 mortuum
670 2741 733 2781 esse
755 2706 913 2798 acceperit,
935 2723 1058 2782 domum
1080 2722 1171 2781 redux

81 2830 161 2888 iusta
183 2828 210 2886 ei
231 2840 353 2904 peragat
373 2838 556 2904 matremque
580 2830 718 2889 collocet.
741 2827 896 2889 Postremo
915 2829 997 2888 omni
1014 2827 1170 2888 deficiente

82 2955 164 2994 nexu
183 2935 223 2994 ita
246 2935 384 2994 Minerva
406 2935 575 2996 concludit:
597 2935 627 2995 vi
648 2944 699 2994 aut
719 2936 793 2996 dolo
814 2955 924 3012 procos
945 2935 1170 2996 interficiendos

84 3052 173 3103 curet
196 3044 406 3120 Telemachus,
421 3043 543 3102 Orestae
558 3052 676 3101 secutus
691 3044 869 3119 exemplum.
895 3042 955 3101 Hic
970 3062 1038 3102 cum
1053 3042 1170 3120 singula

83 3150 212 3211 consilia
234 3151 311 3210 bene
333 3171 364 3210 se
379 3151 501 3226 habent,
516 3147 617 3208 vitium
629 3148 759 3208 nascitur
772 3168 809 3206 ex
822 3167 925 3208 eorum
941 3149 1169 3226 coniunctione,

83 3277 166 3334 quae
188 3257 267 3316 uude
290 3268 361 3317 nata
383 3256 430 3331 sit,
452 3256 665 3334 quaerendum.
696 3258 733 3313 In
755 3255 894 3332 proximo
916 3255 993 3315 libro
1014 3254 1061 3335 (β)
1082 3257 1167 3315 Tele·

84 3365 212 3424 machus
242 3364 383 3424 contione
415 3372 582 3422 convocata
616 3362 653 3421 de
686 3382 848 3438 procorum
881 3362 992 3422 iniuriis
1029 3362 1176 3440 queritur,·

82 3469 286 3531 Ithacensium
298 3469 439 3529 auxilium
450 3469 629 3546 implorans3
644 3469 693 3528 cui
708 3449 893 3545 responderis
904 3468 1053 3527 Antinous
1064 3468 1169 3528 suadet

84 3589 116 3636 ut
149 3585 271 3637 matrem
295 3597 313 3636 a
334 3595 366 3636 se
387 3574 515 3636 dimittat
535 3575 568 3656 (β
591 3596 646 3652 113
669 3578 725 3651 sq.)
769 3577 839 3651 Quo
862 3575 990 3635 consilio
1012 3576 1168 3652 repudiato

82 3683 285 3742 Telemachus
320 3682 394 3741 deos
428 3685 538 3742 ultores
575 3682 674 3759 procis
711 3682 851 3755 minatur,
893 3681 949 3742 nisi
985 3684 1023 3742 ab
1057 3681 1169 3742 iniuriis

84 3789 251 3867 desistant3
271 3789 334 3848 eius
366 3790 456 3848 verba
486 3789 609 3866 augurio
630 3791 791 3864 firmantur,
823 3790 905 3864 quod
926 3789 1169 3866 interpretantem

86 3896 280 3957 Halithersen
320 3895 510 3972 reprehendit
549 3897 752 3972 Eurymachus
793 3897 978 3973 Antinoique
1012 3895 1168 3956 consilium

86 4004 174 4064 iterat
209 4005 242 4078 (β
272 4008 350 4080 195).
394 4005 515 4079 Rogans
549 4001 659 4062 deinde
690 4004 890 4062 Telemachus
923 4013 954 4061 ut
986 4021 1092 4062 navem
1114 4001 1169 4062 sibi

87 4109 242 4176 instruant,
273 4127 332 4185 qua
363 4111 513 4187 profectus
535 4110 573 4168 de
596 4107 684 4185 patris
708 4119 785 4168 sorte
809 4109 919 4170 certior
942 4108 989 4168 fiat
1011 4121 1168 4186 antequam

87 4217 117 4276 in
134 4227 230 4276 matre
247 4215 426 4280 collocanda
439 4214 536 4296 procis
552 4214 753 4298 morigeretur,
767 4235 804 4277 ne
818 4217 878 4275 hoc
888 4216 1008 4298 quidem
1021 4215 1167 4292 impetrat.
