2928 4886
637 437 671 500 17

110 605 188 665 dens
209 607 343 680 Agelaus
362 604 467 664 suadet
487 615 520 664 ut
540 623 655 664 novum
677 603 778 664 matris
792 605 1015 667 matrimonium
1029 610 1191 685 acceleret3

109 712 196 790 quod
225 711 275 771 ille
303 711 396 771 invita
417 721 510 771 matre
533 729 564 770 se
586 712 732 769 facturum
754 729 818 770 esse
840 722 937 790 negat.
980 713 1083 773 Procis
1104 731 1193 790 super

109 837 218 879 cenam
250 837 268 876 a
298 817 433 878 Minerva
454 817 632 877 dementatis
659 819 885 894 Tbeoclymeuus
905 831 1003 880 mente
1024 820 1191 897 praevisum

110 945 216 986 eorum
245 924 397 984 interitum
429 924 577 1002 ostendit,
598 925 651 984 sed
672 925 712 984 ab
734 926 926 1001 Eurymacho
947 924 1045 984 irrisus
1067 925 1191 985 domum

108 1031 259 1109 relinquit.
283 1031 495 1092 Cavillationes
516 1048 675 1107 procorum
698 1031 735 1089 de
757 1030 817 1090 suis
830 1030 996 1107 hospitibus
1010 1050 1071 1090 non
1085 1051 1192 1090 curans

109 1139 310 1198 Telemachus
331 1140 421 1196 auxie
441 1145 575 1214 expectat
594 1140 711 1212 siguum
732 1158 752 1195 a
765 1145 860 1214 patre
877 1139 1025 1211 laudaru;
1040 1139 1191 1216 Penelope

109 1255 212 1304 autem
243 1244 286 1304 ibi
319 1243 449 1304 considit
479 1245 559 1304 uude
592 1243 693 1304 omnia
724 1261 801 1321 quae
828 1245 901 1304 fiant
926 1244 1067 1306 exaudire
1088 1245 1192 1322 possit.

114 1355 202 1428 Quae
233 1372 252 1409 a
273 1353 419 1412 Minerua
439 1354 564 1410 incitato
585 1351 629 1410 ad
645 1358 792 1410 certamen
814 1371 904 1410 orcus
917 1355 1023 1428 procis
1042 1355 1192 1412 instituen-

109 1460 192 1533 dum,
223 1457 384 1516 lacrimans
415 1475 516 1516 arcum
548 1456 644 1518 Ulixis
674 1476 691 1517 e
722 1458 854 1517 thalamo
888 1469 1026 1535 apportat
1056 1468 1086 1518 et
1106 1479 1192 1518 suum

110 1564 235 1643 exponit
256 1563 415 1624 consilium
438 1562 546 1640 procis
573 1562 812 1623 Lacrimantibus
836 1565 969 1623 Eumaeo
991 1574 1021 1624 et
1042 1563 1193 1624 Philoetio

114 1673 310 1731 Telemachus
339 1692 422 1730 suam
453 1672 511 1729 sibi
543 1673 686 1729 laetitiam
718 1672 773 1730 bae
796 1674 942 1730 occasione
962 1673 1193 1748 inexplicabilem

107 1779 211 1838 uideri
239 1779 318 1837 elicit.
360 1777 507 1838 Omnibus
527 1778 626 1836 rebus
658 1777 839 1854 praeparatis
871 1777 933 1854 ipse
955 1777 1068 1855 primus
1089 1797 1192 1838 arcum
1242 1810 1244 1814 .

107 1884 233 1944 tendere
266 1893 391 1944 conatur
424 1885 476 1944 sed
505 1894 627 1960 apatre
649 1895 723 1942 nutu
744 1901 893 1961 repressus
915 1903 984 1943 cum
1005 1884 1037 1943 iu
1059 1904 1097 1944 eo
1118 1896 1194 1945 esset

108 2003 144 2052 ut
177 1992 323 2064 tenderet,
354 1990 476 2050 desistit.
518 1989 657 2050 Succedit
687 1990 807 2050 Leodes
829 1992 976 2067 haruspex
997 1990 1108 2069 aliique
1129 2012 1191 2052 rem

107 2103 217 2160 frustra
252 2107 446 2175 temptantes;
485 2115 553 2156 cum
590 2097 651 2156 iam
682 2096 824 2157 victoriae
856 2117 909 2175 spe
942 2117 1045 2158 omnes
1076 2110 1192 2176 praeter

107 2206 277 2267 Antinoum
299 2214 328 2264 et
349 2205 568 2281 Eurymachum
589 2203 698 2263 deiecti
722 2215 828 2282 essent,
850 2189 1002 2264 Eumaeus
1022 2217 1050 2264 et
1072 2207 1192 2267 Pltiloe-

108 2317 170 2373 tius
186 2319 309 2385 exeunt,·
328 2331 405 2389 quos
416 2321 534 2370 secutus
552 2311 651 2370 Ulixes
665 2315 774 2370 elerum
789 2315 955 2388 exploratis
969 2332 1069 2372 eorum
1084 2317 1193 2372 animis

106 2439 164 2498 per
187 2418 354 2478 cicatricem
376 2417 601 2497 agnoscendum
622 2438 653 2478 se
675 2418 711 2479 iis
734 2419 876 2495 praebet,
905 2419 1012 2479 deinde
1033 2420 1106 2497 quid
1127 2421 1191 2480 fieri

106 2526 184 2588 velit
206 2527 313 2587 doctos
333 2526 411 2586 intro
433 2524 528 2585 redire
549 2524 641 2585 iubet.
685 2529 753 2602 Ipse
773 2526 875 2602 paullo
898 2536 965 2603 post
985 2545 1132 2604 regressus
1153 2529 1192 2587 ad

108 2635 333 2712 Eurymachum
366 2632 503 2693 ordinem
535 2631 705 2692 certaminis
735 2632 848 2692 redisse
882 2631 1005 2710 reperit,
1036 2653 1097 2710 quo
1125 2640 1193 2710 post

107 2760 206 2802 vanos
228 2750 352 2802 conatus
373 2741 500 2820 graviter
520 2753 662 2819 querente
684 2739 836 2801 Antinous
858 2761 922 2800 cras
943 2751 1093 2802 certamen
1108 2761 1191 2818 repe·

107 2847 247 2923 tendum,
276 2866 356 2909 nunc
386 2859 506 2926 propter
538 2848 688 2926 Apollinis
718 2850 825 2908 festum
853 2848 1060 2908 desistendum
1081 2859 1193 2908 censet.

109 2957 184 3031 Qua
213 2975 245 3016 re
275 2955 402 3032 probata
434 2965 464 3014 et
494 2954 640 3015 libatione
670 2956 748 3013 facta
779 2955 889 3030 hospes
919 2953 1023 3014 dolose
1055 2953 1193 3031 aprocis

108 3067 187 3142 petit
217 3072 249 3121 ut
281 3061 337 3121 sibi
368 3061 458 3120 liceat
489 3081 592 3120 arcum
625 3069 757 3120 tractare.
801 3061 857 3122 Cui
889 3080 957 3121 cum
986 3062 1137 3121 Antinous
1163 3067 1194 3120 et

107 3171 316 3248 Eurymachus
344 3167 410 3228 irati
440 3168 599 3237 minantur,
622 3170 774 3245 Penelope
795 3169 919 3229 laudato
940 3170 1065 3244 bospitis
1086 3169 1194 3227 robore

109 3289 141 3339 el
172 3280 272 3354 specie,
292 3278 320 3351 1)
352 3295 467 3336 morem
499 3286 614 3353 gestum
646 3277 708 3334 vult
736 3275 903 3353 victorique
931 3276 1013 3334 dona
1033 3273 1192 3352 promittit3

109 3384 166 3446 sed
187 3402 205 3442 a
221 3385 415 3459 Telemacho,
429 3383 473 3444 sui
487 3403 552 3443 rem
567 3403 631 3444 esse
647 3383 759 3443 arbitrii
773 3383 952 3462 perhibenti,
967 3385 1005 3443 ad
1020 3383 1193 3443 cubiculum

109 3509 200 3552 suum
227 3491 357 3566 remissa,
382 3492 543 3551 Mineruae
570 3513 645 3551 cura
677 3467 873 3551 obdormiscit.
914 3495 1004 3552 Tunc
1035 3494 1194 3569 Eumaeus,

111 3598 298 3659 minantibus
329 3598 438 3676 prociS,
469 3602 610 3658 borlaute
647 3601 829 3673 Telemacho,
860 3599 940 3659 Ulixi
972 3617 1073 3658 arcum
1104 3599 1195 3659 tradit

111 3705 343 3784 Eurycliamque
371 3707 538 3765 Telemaebi
556 3707 669 3764 nomme
691 3704 848 3764 mulierum
870 3707 1014 3765 conclave
1035 3705 1194 3766 occludere
1266 3743 1267 3748 κ

112 3863 182 3916 noch
201 3862 357 3929 angeuehm3
381 3881 396 3912 u
416 3873 551 3926 315-319
571 3863 632 3911 aber
653 3861 732 3911 sehon
749 3878 771 3912 u
794 3873 892 3926 105-9
911 3863 945 3911 da
964 3878 1090 3927 geweseu,
1108 3883 1124 3915 υ
1144 3866 1194 3928 316

112 3943 180 3996 auch
206 3944 232 3995 Γ
256 3957 286 4004 41
316 3945 368 3994 und
395 3941 509 4008 l358.”
544 3943 647 3992 Addere
665 3944 748 4008 potuit
766 3959 865 3992 versum
883 3961 899 3993 υ
920 3955 969 4006 314
987 3959 1017 3992 ex
1034 3949 1056 4005 β
1076 3954 1107 4007 73
1126 3954 1151 3994 et
1168 3961 1194 3993 re

113 4043 175 4077 vera
201 4045 217 4077 u
236 4037 353 4090 315-19
371 4041 402 4074 ex
419 4027 486 4074 libro
503 4024 636 4087 repetitos
655 4039 723 4088 esse,
751 4040 809 4072 nam
827 4041 843 4072 o
862 4037 913 4087 314
930 4041 982 4073 non
1000 4026 1119 4074 cohaeret
1138 4041 1195 4074 cum

113 4108 279 4174 sequentibus
305 4115 329 4156 et
350 4116 469 4169 317-19
487 4105 513 4154 in
531 4123 547 4154 u
567 4104 650 4153 minus
668 4105 721 4169 apti
740 4113 806 4164 suut,
833 4121 889 4154 cum
908 4106 940 4153 de
959 4105 983 4154 vi
1003 4105 1105 4154 aucillis
1123 4106 1197 4154 illata

115 4188 180 4237 nihil
198 4187 341 4251 praecedat.

153 4273 211 4330 1)φ
231 4281 289 4331 334.
316 4252 397 4326 οὗτος
417 4265 449 4318 dl
470 4271 558 4325 ξεῖνος
575 4265 649 4329 μάλα
668 4265 717 4328 plu
735 4268 822 4332 μέγας
839 4264 885 4334 »ld'
908 4267 1037 4333 ἔπιπηγής.

1057 4381 1073 4420 2
