2884 4880
589 346 642 403 103

103 506 253 568 Obseruauit
273 511 382 566 contra
396 508 549 576 Thramer,
569 509 729 584 Pergamos
744 526 785 583 pp
814 526 984 585 129-139,
998 506 1028 566 iu
1042 507 1159 585 Cypriis

102 615 236 691 Antiopam
270 613 400 692 Lycurgi
431 615 522 672 filiam
543 613 659 674 dictam
680 612 768 673 fuisse
788 619 824 690 r),
846 613 878 672 in
901 614 1037 692 Odyssea
1061 615 1158 692 Asopi

101 725 124 795 (t
158 725 227 798 260);
260 723 413 781 Castorem
446 722 611 794 mortalem,
645 721 800 780 Pollucem
831 719 1040 796 immortalem,
1074 721 1181 782 illum.

98 827 176 906 igitur
200 829 291 887 solum
323 826 472 907 Tyndarei
493 827 597 904 filium,
626 829 706 886 huuc
731 826 813 886 Iovis
835 827 865 886 iu
891 827 1006 905 Cypriis
1028 828 1108 904 ferri,
1128 828 1158 887 in

98 935 212 1012 Odyssea
239 936 345 994 ambos
369 933 520 1012 Tyndarei
545 931 621 993 filios
643 932 704 992 dici
726 935 754 1008 (λ
777 936 855 1012 299).
880 936 992 1026 Deesse
1015 954 1105 1011 porro
1128 934 1159 994 in

97 1041 206 1118 Cypriis,
225 1040 346 1118 quaein
368 1041 504 1118 Odyssea
524 1050 692 1112 occurrant,
714 1041 807 1116 Tyro,
827 1041 1013 1117 Chloridem,
1035 1041 1160 1117 Ledam,

94 1147 283 1224 Iphimediam,
307 1148 483 1222 Phaedram,
505 1146 636 1206 Procrin.
678 1149 783 1223 Itaque
805 1145 917 1207 reiecta
939 1146 1160 1209 Wilamowitzii
1206 1155 1211 1170 ⁸

94 1254 221 1331 opinione
243 1253 306 1332 ipse
330 1255 507 1332 Catalogum
529 1254 692 1313 Aeolorum
714 1272 751 1313 ex
772 1253 901 1314 Boeotia
922 1254 1160 1314 additamentum

92 1379 151 1420 esse
173 1360 312 1437 perhibet,
345 1362 428 1437 quod
449 1361 480 1420 in
504 1380 541 1420 eo
563 1359 691 1420 maxime
715 1361 901 1421 celebrentur
926 1360 1012 1421 Aeoli
1034 1368 1161 1439 nepotes

89 1469 271 1543 (SalrnoneuS,
302 1471 391 1546 Tyro,
425 1468 578 1538 Cretheus,
609 1466 715 1542 Pelias,
747 1469 868 1545 Neleus,
900 1470 1012 1532 Aeson.
1039 1469 1161 1544 Pheres,

89 1576 258 1651 Amythaon,
291 1574 417 1644 Chloris,
447 1577 531 1648 Pero,
557 1573 650 1649 Leda,
672 1573 823 1647 Dioscuri,
845 1572 983 1651 Iphicles,
1007 1573 1161 1652 Eriphyle)

86 1692 114 1739 et
144 1682 297 1740 Thebanae
326 1682 495 1755 (Alcmena,
525 1683 656 1758 Megara,
676 1679 848 1756 Epicaste);
874 1697 963 1757 quam
986 1680 1160 1740 sententiam

85 1787 141 1846 iam
163 1788 279 1863 protulit
300 1791 405 1856 Lauer,
428 1788 561 1862 Quaestt.
585 1789 677 1846 Hom.
703 1789 788 1863 1843.
812 1787 974 1874 Peculiaris
999 1799 1042 1847 est
1057 1789 1161 1865 opinio

83 1893 195 1953 Seeckii
215 1893 480 1954 animadvertentis
497 1898 558 1970 (pp.
583 1896 642 1970 326
665 1897 745 1969 cett.)
768 1905 798 1953 et
819 1893 849 1952 in
872 1893 1060 1954 Telemachia
1081 1894 1162 1955 etin

82 2008 213 2088 Νεκυίᾳ
245 2001 378 2062 Nestoris
412 2009 531 2079 gentem
563 2000 604 2059 ita
635 2001 778 2060 celebrari
811 2012 843 2060 ut
874 2021 910 2061 ex
942 2001 1079 2078 Odyssea
1102 2022 1162 2079 per

80 2129 189 2187 genera
202 2111 230 2167 V
244 2109 333 2168 series
348 2107 409 2168 eius
424 2119 570 2184 nepotum
586 2107 662 2167 effici
677 2107 777 2184 possit.
796 2109 846 2166 Ab
860 2109 920 2167 hoc
933 2125 1001 2166 cum
1017 2107 1161 2187 originem

79 2216 215 2275 duxerint
236 2226 340 2293 gentes
362 2214 480 2274 Atticae
502 2214 729 2282 Paeonidarum,
763 2215 1061 2289 Alcmaeonidarum,
1091 2213 1160 2274 Pisi·

77 2323 276 2400 stratidarum,
297 2321 534 2398 Leogoridarum
559 2326 596 2396 a),
620 2322 734 2381 censuit
755 2323 850 2381 Seeck
870 2321 902 2381 in
924 2341 1026 2382 eorum
1042 2323 1161 2381 laudem

75 2434 152 2490 haec
175 2430 342 2506 composita
363 2448 436 2489 esse.
477 2429 569 2504 Quod
591 2439 690 2487 tamen
711 2428 749 2487 de
771 2426 879 2505 necyia
900 2448 962 2488 non
984 2427 1073 2489 facile
1096 2426 1163 2505 quis

74 2541 190 2614 credat,
226 2555 294 2596 cum
326 2548 356 2596 et
383 2535 433 2596 alii
456 2535 540 2594 multi
561 2533 593 2594 in
616 2554 651 2594 ea
673 2536 860 2595 celebrentur
882 2547 912 2597 et
933 2536 1102 2613 episodium
1126 2535 1163 2594 de

72 2649 153 2705 Pero
170 2649 199 2719 (t
228 2645 389 2722 287-97).
411 2660 544 2721 quocum
566 2643 706 2701 cohaeret
729 2670 741 2700 ο
763 2660 913 2722 225—55,
937 2642 1164 2720 nihilpertineat

70 2736 112 2812 ad
134 2751 243 2810 laudes
265 2749 428 2810 Atticarum
451 2749 595 2827 gentium.
631 2748 708 2808 Mihi
730 2747 816 2827 igitur
838 2751 967 2811 maxime
990 2749 1162 2810 Thraemeri

68 2857 223 2917 sententia
259 2859 374 2934 placet3
405 2867 535 2916 ceterum
567 2856 597 2914 in
624 2855 670 2915 his
693 2856 828 2932 partibus
849 2858 889 2916 ad
910 2857 995 2934 epica
1016 2858 1165 2935 quaedam

66 2967 211 3026 carmina
242 2965 350 3042 respici
382 2965 509 3024 maxime
540 2974 662 3041 apparet
694 2983 730 3022 ex
755 2971 845 3040 2597
872 2969 950 3040 Διὸς
975 2963 1164 3031 δ’ἐτιλείηο

63 3075 189 3162 βουλή,
227 3091 303 3149 quae
335 3069 479 3160 sententia
509 3068 595 3128 initio
617 3071 724 3129 horum
748 3067 914 3127 carminum
945 3072 989 3146 (ut
1010 3069 1039 3128 in
1061 3069 1164 3129 Iliadis

62 3181 172 3258 primo
196 3181 274 3240 libro
297 3190 326 3239 et
347 3187 370 3235 θ
389 3181 440 3252 82)
462 3195 547 3237 suum
568 3177 669 3236 locum
692 3178 792 3236 habet.

108 3291 161 3347 De
193 3287 282 3347 tertia
303 3296 385 3363 parte
407 3305 483 3364 quae
506 3285 639 3345 continet
662 3285 813 3360 colloquia
835 3305 904 3345 cum
928 3287 1165 3362 Agamemnone,

60 3395 210 3471 Achille,
230 3393 323 3453 Aiace
347 3410 435 3471 supra
456 3397 518 3470 (pp.
541 3395 591 3470 62,
613 3393 667 3468 64)
691 3391 876 3452 ostendimus
892 3390 1090 3452 narrationem
1104 3412 1166 3452 non

59 3521 247 3580 congruere
269 3521 337 3560 cum
359 3499 454 3577 prima
476 3511 559 3576 parte
581 3511 609 3560 et
632 3502 794 3560 nonnullos
816 3519 918 3560 versus
939 3499 1011 3559 inde
1027 3499 1167 3576 repetitos

57 3627 132 3668 esse
170 3606 281 3667 videri.
324 3610 392 3666 Hac
420 3606 452 3666 in
474 3618 557 3684 parte
580 3625 649 3666 cum
672 3605 808 3667 nonnulli
829 3607 891 3667 loci
913 3606 1058 3683 attingant
1077 3625 1166 3681 quae·

57 3716 149 3790 dam,
186 3732 268 3792 quae
290 3714 432 3790 prolixius
453 3715 647 3774 narrabantur
668 3713 699 3772 in
721 3733 813 3790 parva
835 3732 912 3791 quae
935 3712 1044 3772 dicitur
1072 3711 1167 3771 Iliade

57 3828 83 3897 [A
121 3842 189 3901 521
237 3827 384 3907 γυναίων
422 3826 533 3893 ai'arua
570 3823 682 3908 δώρων
719 3825 734 3875 2
766 3838 822 3897 547
852 3822 967 3898 παῖδες
992 3823 1025 3888 δὲ
1047 3821 1169 3906 Τρώων

90 4082 119 4144 1)
143 4081 280 4129 Welcker
297 4080 346 4144 Ep.
366 4077 437 4142 Cycl.
453 4077 477 4124 II
496 4075 552 4142 508.

83 4163 115 4233 2)
140 4163 284 4221 Peterson,
303 4161 408 4236 Quaest.
428 4159 459 4207 de
476 4165 546 4236 gent.
565 4156 656 4206 Atticis
674 4172 700 4233 p.
720 4165 759 4230 70.
