2928 4886
627 419 661 477 31

97 585 210 644 eadem
223 586 341 660 poetica
351 588 474 646 facultas
486 583 619 645 obtineat
633 583 663 641 in
674 583 813 642 omnibus
827 580 1028 660 supplementi
1040 581 1181 658 partibus.

142 691 326 751 Recensioni
354 692 395 752 sic
421 691 602 752 constitutae
623 691 839 749 diasceuastam
861 688 989 764 primum
1013 687 1183 747 adiunxisse

96 800 339 874 Telemachiam,
360 799 443 876 quod
464 798 536 859 olim
558 816 677 857 carmen
699 816 752 873 per
772 815 804 855 se
818 795 945 856 existens
959 795 1056 854 luerit.
1079 798 1183 872 Itaque

96 918 133 966 ut
147 902 374 966 Teiemaclria'rn
386 925 454 965 cum
464 903 629 980 antiquiore
641 903 774 963 carmine
784 902 987 979 coniungeret,
1012 901 1183 961 diasceuas-

97 1025 163 1073 tam
178 1016 261 1073 illam
275 1015 304 1074 in
321 1015 395 1074 duas
405 1024 502 1091 partes
513 1012 638 1072 divisam
649 1010 777 1087 priorem
789 1016 904 1086 partem
915 1029 969 1086 per
980 1020 1093 1068 suturas
1104 1028 1181 1086 quae

98 1133 171 1181 sunt
192 1146 209 1175 ιι
230 1122 362 1189 tra-ar,
382 1121 400 1169 δ
416 1121 532 1180 610-r
552 1122 597 1190 28,
620 1119 740 1176 alteram
756 1117 865 1177 eodem
880 1116 973 1175 modo
988 1115 1089 1186 sutura
1103 1134 1179 1191 quae

99 1240 147 1288 est
162 1249 181 1288 0
200 1245 294 1304 1-75
319 1228 415 1302 (ἀλλὰ
438 1226 510 1311 μέν’
534 1233 578 1304 εἷς
594 1230 647 1292 dare
665 1227 753 1310 δῶρα
770 1228 873 1310 φέρων
892 1225 1064 1307 ἐπιδίφρια
1085 1220 1181 1308 θείω)

97 1335 245 1395 intulisse.
270 1333 397 1408 Deinde,
419 1351 486 1392 cum
508 1333 540 1392 in
562 1331 765 1408 antiquissima
785 1349 874 1407 quam
890 1331 1048 1390 Kirchhofl
1063 1330 1184 1391 vocavit

99 1453 186 1520 parte
218 1441 332 1515 Ulixes,
363 1448 486 1518 rogante
510 1443 600 1499 Areta
622 1446 653 1526 (η
679 1441 735 1516 238
757 1443 805 1516 τίς
826 1447 932 1506 πόθει
958 1437 1023 1506 ἔσῃ’
1047 1439 1178 1524 ἀνδρῶν

99 1556 195 1625 cett),
227 1569 295 1610 suos
333 1569 446 1609 errores
475 1559 622 1608 narrasset
654 1559 683 1606 et
716 1557 883 1607 memorato
915 1545 1081 1605 Nausicaae
1113 1566 1182 1604 aux·

97 1656 152 1716 ilio
186 1655 374 1732 substitisset,
405 1655 484 1714 circa
515 1656 599 1714 XXX
631 1652 677 1718 Ol.
701 1654 759 1712 hoc
780 1655 845 1730 ipso
868 1655 938 1712 loco
961 1657 989 1728 (η
1011 1652 1084 1731 238)
1107 1652 1182 1712 dias·

98 1773 251 1823 ceuastam
283 1762 419 1822 ordinem
451 1761 628 1822 narrationis
660 1759 819 1820 mutavisse
845 1770 877 1819 ut
897 1759 979 1818 aliud
1002 1779 1122 1818 carmen
1144 1759 1183 1819 de

102 1869 198 1931 Ulixis
225 1869 372 1929 erroribus
394 1872 431 1945 (a
450 1894 464 1922 κ
483 1873 516 1941 μ)
537 1868 653 1927 addere
675 1879 784 1943 posset.
826 1867 863 1926 Id
886 1876 1008 1944 propter
1031 1878 1184 1927 momenta

100 1996 139 2036 ex
173 1978 412 2051 Argonautarum
435 1973 551 2032 xsabulis
576 1973 699 2051 repetita
732 1984 800 2048 post
832 1973 935 2030 XXIV
970 1972 1183 2049 Olympiadem

100 2080 302 2156 compositum
323 2100 387 2140 esse
419 2079 605 2140 Kirchlroffio
631 2079 746 2138 videtur
754 2100 762 2152 ;
792 2078 824 2138 in
846 2096 908 2154 quo
930 2097 998 2137 eum
1024 2079 1096 2139 olim
1120 2098 1183 2138 nou

104 2188 206 2249 Ulixes
227 2188 289 2263 ipse
310 2205 378 2246 suos
401 2204 487 2246 casus
508 2205 628 2245 narrans
649 2186 837 2245 induceretur
859 2186 914 2244 sed
933 2197 1022 2262 poeta
1042 2195 1184 2261 narraret,
1280 2255 1283 2263 1

101 2317 166 2356 non
197 2296 255 2354 nisi
285 2295 404 2354 mutatis
436 2293 528 2354 tertiis
559 2294 694 2370 personis
724 2294 754 2352 in
776 2293 886 2371 primas
906 2294 939 2354 id
964 2313 1085 2368 carmen
1107 2293 1182 2353 dias-

101 2413 253 2464 ceuastam
293 2404 474 2478 coniungere
503 2402 632 2477 potuisse
669 2421 738 2460 cum
773 2401 978 2478 antiquissimo
1009 2404 1179 2488 ἅπολόγῳ;

100 2510 186 2568 cuius
198 2509 369 2569 mutationis
381 2508 556 2568 etiamnunc
568 2509 692 2587 vestigia
701 2519 871 2586 appareant.
883 2510 995 2568 Contra
1005 2509 1116 2570 librost
1129 2520 1181 2568 ett

100 2618 148 2676 his
163 2615 291 2692 vestigiis
302 2635 401 2674 carere
413 2617 482 2675 etin
495 2624 510 2673 t
522 2615 611 2676 etiam
624 2636 662 2676 eo
674 2617 744 2676 loco
756 2614 866 2694 (326-
872 2617 943 2692 384)
956 2616 1008 2676 ubi
1019 2617 1181 2696 ἀπόλογος

100 2724 331 2796 interrumpatur
354 2732 385 2779 et
405 2721 528 2780 eaedem
551 2721 611 2780 sint
632 2741 777 2798 personae
800 2723 930 2800 quaein
955 2735 1051 2783 vetere
1074 2733 1179 2810 νόστῳ

101 2829 220 2891 Ulixem
233 2839 398 2888 narrantem
411 2829 531 2904 induci;
545 2847 604 2905 qua
615 2849 646 2889 re
658 2830 777 2906 probari
791 2829 903 2890 librosr
923 2840 952 2889 et
970 2839 986 2886 t
1000 2830 1040 2890 ad
1051 2843 1181 2892 veterem

101 2947 219 3007 pomp
241 2936 423 3012 pertinuisse.
445 2937 614 2996 Secundum
635 2937 773 2997 ordinem
795 2937 882 3015 igitur
897 2937 1049 3015 Odysseae
1064 2950 1183 3000 nostrae

101 3066 138 3105 ex
169 3043 312 3103 sententia
343 3042 509 3104 Kirehhoffi
543 3045 599 3103 hae
622 3055 722 3122 partes
743 3054 822 3104 sunt:
855 3045 1064 3105 Telemachiae
1085 3046 1182 3123 prima

101 3172 179 3230 pars,
202 3150 308 3211 veteris
324 3160 440 3221 vdorov
455 3171 522 3228 pars
536 3151 607 3210 item
622 3151 726 3228 prima,
744 3171 863 3210 carmen
875 3151 913 3210 de
929 3150 1023 3213 Ulixis
1034 3152 1181 3212 erroribus

101 3283 119 3320 a
141 3260 325 3320 diasceuasta
342 3270 496 3326 mutatum,
519 3268 636 3326 poam
652 3259 727 3326 finis,
757 3258 890 3318 carmina
905 3258 991 3336 epica
1006 3261 1044 3319 ab
1060 3270 1181 3319 auctore

101 3367 301 3445 supplementi
333 3367 505 3438 coniuncta,
537 3365 614 3426 inter
635 3383 711 3442 quae
733 3386 751 3424 a
772 3366 957 3424 diasceuasta
979 3365 1093 3444 reliqua
1113 3385 1180 3443 pars

99 3473 308 3534 Telemachiae
337 3475 418 3532 illata
441 3483 484 3532 est
506 3459 605 3532 multis
625 3471 700 3532 locis
721 3489 858 3548 pugnans
881 3490 950 3531 cum
971 3474 1179 3550 supplemento

99 3584 166 3662 ipso
202 3586 238 3657 ι).
280 3584 394 3656 Itaque,
426 3591 458 3639 ut
488 3579 538 3640 ille
570 3578 655 3654 dicit,
689 3589 788 3638 cetera
817 3599 885 3656 pars
915 3577 982 3638 libri
1007 3614 1021 3641 ι
1049 3579 1182 3639 continet

104 3695 296 3708 ——--

137 3751 160 3808 ι)
180 3749 214 3797 Ut
231 3762 253 3796 rt
271 3760 371 3810 23-29
389 3762 442 3795 non
460 3753 560 3795 constat
579 3745 628 3794 sibi
648 3745 717 3810 quod
735 3745 863 3794 Eumaeus
879 3746 988 3810 primum
1006 3747 1084 3797 dicit:
1184 3749 1186 3754 ’

216 3818 321 3894 ἦλθες,
343 3828 500 3894 Tonante,
518 3828 651 3894 γλυκερὸν
670 3828 754 3884 φάος.
774 3827 808 3877 od
824 3823 893 3877 o'dt'
915 3826 1000 3895 ἔγωγε

216 3909 339 3970 ὄψεσθαι
357 3913 471 3978 ἐφάμην,
490 3912 553 3960 ἐπεὶ
573 3908 643 3978 ᾤχεο
663 3910 711 3975 νηὶΙ
729 3909 871 3960 Πύλονδε.
890 3933 924 3956 =
941 3931 957 3978 ρ
976 3924 1006 3973 41
1028 3927 1065 3977 sq.

131 3993 226 4043 deinde
244 4009 347 4057 prorsus
365 3993 442 4042 aliam
459 4007 519 4041 suae
539 3993 650 4040 laetitiae
669 4007 770 4040 causam
789 3992 873 4044 affert:

216 4074 247 4125 ori
266 4073 314 4136 pla
330 4076 381 4142 γάρ
402 4094 428 4124 τι
446 4069 516 4134 θάμ’
538 4072 622 4140 ἀγρὸν
641 4073 773 4141 ἐπέρχεαι
791 4071 857 4124 adul
877 4080 979 4142 νομῆας

218 4154 275 4206 ἀλλ’
296 4155 485 4223 ἐπιδημεύεις·
504 4139 536 4214 ὧς
554 4159 606 4222 γάρ
624 4155 658 4205 νύ
677 4176 721 4206 τοι
740 4156 829 4206 rr’r'udr
848 4160 931 4228 θυμῷ

215 4240 322 4307 ἀνδρῶν
340 4243 499 4308 μνηστήρων
517 4241 613 4306 ἐσορᾶν
631 4239 751 4306 ἀίδηλον
770 4238 877 4302 ὅμιλον.

880 4321 997 4382 (Kirchh.
1016 4339 1059 4388 pg.
1078 4324 1145 4388 503.)
