2928 4886
626 393 662 464 tt

144 575 172 637 6.
216 591 255 635 vs
280 593 316 652 52
340 586 369 633 et
393 587 415 632 ο
437 591 503 650 245.
526 573 654 648 Calypso
674 569 736 628 filia
757 565 884 628 Atlantis
906 579 1039 642 vocatur,
1053 557 1100 626 de
1121 575 1181 642 quo

101 685 177 744 nihil
208 684 239 742 in
270 709 292 738 ε.
334 681 484 740 Hesiodus
514 680 640 755 (Theog.
671 683 742 754 359)
765 677 877 736 Oceani
899 675 989 734 filiam
1011 693 1078 734 eam
1099 674 1182 732 facit.

100 791 243 852 Similiter
275 809 330 847 vrs
365 807 399 863 71
434 806 527 864 genus
558 784 699 861 Cyclopis
720 785 852 861 refertur7
877 793 995 859 sumpto
1017 781 1184 856 Phorcynis

99 899 226 958 nomine
247 916 283 956 ex
305 895 382 954 libro
402 921 425 950 ν.

146 1026 173 1078 7.
214 1005 248 1061 L.
270 1006 294 1060 L
328 1002 411 1058 Atlas
432 999 599 1058 celebratur
621 1004 655 1077 5,-
680 1027 713 1064 u
739 998 906 1083 θαλάσσης
923 1004 1038 1081 Πάσηο
1056 996 1183 1081 βένθεα

102 1111 192 1180 οἷδοο
222 1129 311 1185 quam
345 1108 527 1166 mentionem
551 1106 690 1163 nolumus
712 1122 779 1162 cum
802 1101 1030 1160 Wilamowitzio
1052 1104 1111 1177 (pg.
1136 1103 1185 1175 23)

102 1238 140 1278 ex
164 1216 303 1275 Herculis
324 1216 443 1273 fabulae
465 1210 608 1271 memoria
629 1220 772 1287 repetere,
790 1210 842 1286 qui
866 1208 976 1267 auxilio
998 1207 1125 1266 Atlantis
1147 1207 1186 1264 ad

103 1322 289 1399 Hesperidas
317 1322 466 1398 profectus
496 1338 575 1377 mare
598 1317 805 1395 navigantibus
826 1315 1007 1392 patefecerit.
1049 1316 1127 1380 Nam
1151 1332 1187 1372 ea

102 1428 262 1507 explicatio
284 1426 372 1485 nimis
393 1425 526 1503 quaesita
533 1447 541 1498 ;
563 1444 632 1483 cum
655 1431 674 1479 δ
694 1427 750 1500 385
775 1424 880 1481 eadem
904 1432 987 1481 recte
1011 1423 1048 1480 de
1067 1423 1187 1488 Proteo,

102 1539 163 1596 deo
185 1534 309 1600 marino,
332 1533 469 1591 dicantur
495 1531 633 1608 (additisz
645 1575 647 1586 ,
658 1533 886 1606 Ποσειδάωνος
900 1530 1067 1614 ὑποδμώς)
1082 1529 1188 1604 proba·

103 1643 193 1702 bilius
229 1643 344 1700 videtur
374 1642 455 1698 hunc
488 1657 608 1716 quoque
640 1657 756 1697 versum
788 1657 824 1696 ex
854 1646 873 1694 δ
897 1638 974 1696 male
1009 1635 1188 1695 transtulisse

104 1750 330 1809 diasceuastam.

146 1858 174 1914 8·
219 1875 274 1912 vrs·
298 1871 351 1929 57:
384 1855 485 1940 αὐτὰρ
511 1854 680 1929 Ὀδυσσεύς
705 1853 848 1936 ’ἱέμενος
874 1859 929 1917 καὶ
954 1859 1081 1919 καπνόν
1107 1853 1189 1917 αἰπο-

105 1976 300 2051 θρῳσκοντα
337 1971 449 2042 νοῆσαι
488 1953 555 2039 ‘Ht-
589 1966 684 2046 γαίης
725 1961 860 2028 θανέειν
887 1965 1055 2045 ἱμείρεται.
1104 1959 1190 2015 Haec

104 2091 176 2129 cum
192 2067 370 2128 obscuritate
385 2081 413 2126 et
428 2067 654 2144 exaggeratione
669 2067 768 2144 aliqua
781 2065 932 2124 imitantur
945 2092 962 2139 η
982 2086 1040 2138 224
1056 2064 1189 2133 Ἰδομτο

102 2206 142 2264 με
172 2185 227 2242 καλ
252 2179 341 2242 λίποι
371 2178 454 2241 αι’ὼν
480 2181 605 2256 Κτὴσιν
636 2178 727 2259 ἐμὴν,
756 2177 862 2257 δμῶάς
894 2203 927 2239 τε
953 2181 1007 2238 καὶ
1032 2178 1189 2260 ὑψερεφὲς

102 2288 191 2368 μέγα
220 2288 321 2368 δῶμα.

150 2413 178 2468 9·
214 2411 268 2448 vrs
292 2393 328 2467 65
352 2401 420 2466 ποις
441 2385 483 2456 ἂν
504 2391 606 2456 ἔπειτ’
622 2390 776 2472 Ὀδυσῆος
795 2393 856 2468 ἐγὼ
877 2393 980 2455 θείοιο
999 2389 1188 2472 λαθοίμην;

106 2499 185 2556 male
219 2509 351 2571 sumptus
382 2514 419 2553 ex
451 2503 480 2552 K
507 2515 563 2567 242
600 2495 650 2553 ubi
678 2501 796 2563 ἔπειτα
824 2508 904 2555 recte
927 2495 1033 2554 dicitur
1056 2505 1137 2571 post:
1163 2500 1199 2560 οῖ.

103 2610 167 2690 μὲν
194 2607 231 2688 δὴ
261 2607 379 2687 ’ἕταρόν
403 2632 441 2686 με
466 2604 607 2669 κελεύετε
633 2605 732 2670 αὐτὸν
759 2605 904 2670 ἑλέσθαι.

153 2731 200 2769 10.
244 2711 372 2770 Ornatus
405 2709 560 2768 Minervae
589 2716 642 2782 (vs.
666 2715 704 2786 96
727 2709 811 2789 cett.)
832 2709 972 2786 repetitus
993 2729 1030 2768 ex
1051 2708 1192 2768 Mercurii
1229 2767 1257 2778 ff

105 2827 216 2877 ornatu
240 2820 265 2894 (e
286 2837 335 2889 44,
359 2823 389 2872 rt
412 2805 485 2892 340)
508 2816 555 2874 cui
574 2815 625 2874 uni
640 2818 762 2884 πέδιλα
777 2817 828 2874 illa
844 2817 1036 2878 conveniunt.
1059 2816 1191 2878 Omnino

104 2927 139 2984 in
161 2924 239 2983 libro
261 2950 279 2979 a
302 2940 478 3000 permagnus
502 2933 546 2980 est
570 2939 709 2982 numerus
736 2926 927 2984 formularum
949 2944 1026 3000 quae
1046 2936 1191 2983 vocantur

106 3028 260 3105 epicarum
283 3048 308 3086 e.
332 3048 359 3104 g.
382 3047 438 3086 vss.
466 3029 634 3106 136-150.

155 3155 200 3193 11.
233 3155 289 3193 vrs.
316 3152 382 3210 105.
407 3135 483 3193 Fieri
508 3147 606 3210 potest
631 3149 661 3193 ut
682 3154 794 3195 nomen
817 3141 954 3225 Μέοοης
976 3157 1013 3198 ex
1026 3137 1192 3197 imitatione

106 3243 241 3304 nominis
272 3244 414 3330 Μέντωρ
454 3255 552 3301 ortum
591 3243 641 3314 sit;
678 3256 709 3303 ut
744 3245 844 3320 aliqua
882 3248 963 3304 c'erte
1000 3244 1192 3304 necessitudo

107 3365 156 3414 est
176 3352 251 3410 inter
272 3350 395 3410 nomina
416 3354 648 3436 Εὐρυμέδουσα
672 3350 706 3440 (y
733 3352 776 3439 8),
802 3356 986 3439 Εὐρυνομη,
1007 3353 1191 3438 Ευρυκλεῖα

108 3461 307 3537 Μελάνθιος
330 3459 503 3526 Μελανθὼ
527 3469 594 3518 cett.
618 3464 659 3518 At
680 3459 766 3518 huius
787 3477 888 3519 versus
906 3461 1073 3536 exemplum
1094 3457 1193 3534 potins

109 3567 227 3627 videtur
249 3573 274 3622 P
298 3587 333 3642 73
359 3570 448 3652 υἱνὲρι
474 3575 637 3652 εἰσάμενος
661 3574 814 3636 Κικόνων
839 3577 972 3655 ἡγήτορι
997 3569 1126 3654 Μέντῃ.

158 3691 202 3730 1²·
225 3693 265 3731 VS·
293 3691 346 3749 153
371 3678 470 3758 κῆρυξ
495 3675 562 3742 δ’ἕν
587 3682 694 3763 χερσὶν
719 3680 855 3762 κίθαριν
878 3675 1072 3762 κορικαλλέα
1090 3687 1192 3758 θῆκεν

111 3785 239 3866 φημίῳ·
262 3781 336 3838 haec
357 3779 503 3839 sententia
515 3783 656 3840 translata
670 3801 706 3841 cx
721 3791 744 3836 θ
762 3784 829 3856 261,
845 3780 895 3840 ubi
908 3801 991 3840 caeco
1006 3782 1065 3840 vati
1083 3783 1194 3840 Demo-

110 3887 195 3946 doco
226 3886 339 3945 cithara
371 3888 503 3964 affertu13
531 3887 564 3945 in
598 3913 614 3942 α
648 3907 682 3945 ea
712 3886 787 3946 ratio
820 3887 931 3965 deficit,
963 3907 1031 3946 curn
1053 3886 1083 3946 in
1104 3915 1122 3961 χ
1143 3906 1194 3963 per

111 3994 236 4052 caedem
258 4013 310 4069 per
333 3996 491 4053 tumultum
516 3993 653 4054 Phemius
674 3995 817 4054 citharam
839 4013 922 4054 suam
944 3995 1068 4055 retineat
1089 3997 1118 4069 (χ
1135 4013 1192 4070 332

112 4108 190 4189 ἔστη
215 4102 281 4170 δ’ἐν
308 4104 464 4190 χείρεσσιν
491 4107 573 4190 ἔχων
602 4110 765 4189 φόρμιγγα
791 4105 944 4187 λιγεῖαν).

159 4229 205 4284 13·
249 4238 269 4274 α
306 4210 357 4267 161
391 4229 436 4286 sq·
461 4212 575 4297 α’νέρος
600 4201 638 4276 οὗ
661 4215 699 4296 δή
725 4237 789 4278 που
817 4210 904 4280 λεῦκ’
929 4210 1026 4279 ouria
1050 4216 1191 4278 πύθεται
