2884 4880
588 384 624 457 87

104 564 171 621 facto
197 581 283 638 procos
315 580 367 620 sua
394 571 501 638 sponte
525 560 689 620 discessisse
712 564 750 638 (p.
779 563 858 636 161).
899 561 959 637 Qui
982 561 1077 621 exitus
1097 561 1146 621 cui

101 689 152 728 non
172 668 287 727 ridiculus
309 668 418 727 debeat
439 668 536 728 videri
557 668 668 728 nescio.
691 669 798 728 Postea
819 669 920 728 addita
941 668 1027 746 igitur
1046 679 1146 728 censet

100 776 177 834 Niese
194 793 254 850 quae
276 787 430 834 narrantur
443 776 481 836 de
496 774 632 834 coetibus
646 793 815 851 procorum,
839 775 877 834 de
890 775 1145 853 transfiguratione

100 883 188 960 Ulixis,
213 901 381 960 omnemque
408 882 645 957 Telemachiam3
672 883 703 942 in
724 883 761 942 iis
784 895 884 942 autem
906 885 1054 958 quaedam
1077 903 1145 960 pos·

95 989 173 1048 terius
191 988 264 1048 etiarn
286 988 403 1048 adiecta
424 1009 497 1066 esse,
518 1002 550 1048 ut
570 989 769 1050 narrationem
791 990 829 1049 de
851 993 899 1050 lro
922 990 1073 1050 mendico.

129 1099 160 1154 Iu
178 1096 260 1172 priore
282 1109 381 1154 autem
403 1095 556 1172 Odysseae
580 1109 662 1174 parte
684 1097 831 1174 Necyiam
854 1097 1050 1156 recentiorem
1072 1098 1145 1172 dicit

89 1221 169 1277 quam
192 1202 375 1262 narrationem
401 1203 438 1261 de
462 1203 549 1264 Circe
573 1213 603 1262 et
626 1203 850 1262 Telemachiam
873 1206 927 1280 (pp
961 1206 1145 1280 167-170),

86 1311 162 1383 quod
190 1329 319 1386 apparere
352 1329 389 1368 ex
414 1320 511 1368 sutura
533 1329 593 1387 qua
613 1309 774 1370 coniuncta
794 1322 838 1369 est
859 1330 928 1368 curn
951 1308 1080 1385 reliquis,
1111 1330 1148 1369 ex

86 1416 205 1475 versibus
218 1416 243 1474 in
259 1416 399 1477 vaticinio
415 1417 546 1477 Tiresiae
561 1416 694 1493 repetitis
709 1436 746 1475 ex
760 1416 861 1476 Circes
874 1416 1004 1485 monitis
1026 1416 1097 1476 item
1110 1436 1146 1476 ex

82 1523 203 1583 versibus
215 1524 342 1600 repetitis
358 1544 395 1582 ex
410 1524 610 1597 Telemachia,
635 1536 691 1582 uta
707 1542 722 1600 5
727 1546 763 1599 3²
778 1544 821 1600 sq.
834 1526 889 1609 (ὅς
903 1553 958 1592 m
973 1553 1022 1592 τοι
1038 1528 1145 1612 εἴπῃσι

79 1635 157 1703 cett)
178 1651 208 1688 ex
219 1616 247 1684 d
263 1633 321 1708 389
337 1650 370 1706 sq
396 1631 506 1707 (potius
520 1632 670 1690 adducere
686 1629 790 1690 debuit
805 1655 819 1684 κ
835 1633 893 1708 496
911 1643 977 1689 cett.
996 1657 1035 1684 =
1051 1637 1069 1685 ο
1088 1637 1145 1708 538

83 1724 125 1812 ὧς
139 1736 225 1820 ἔφατ’
241 1740 343 1822 αὐτὰρ
363 1745 469 1823 ἐμοίγε
489 1742 696 1826 κατεκλάσθη
713 1741 808 1821 φίλον
831 1738 905 1825 ἦτορ
922 1740 1051 1808 Klarios}
1070 1738 1098 1806 δ’
1113 1745 1146 1808 ἐν

76 1847 211 1931 λεχέεσσι
239 1854 421 1931 καθήμενος
443 1853 540 1924 cett.);
560 1858 589 1904 at
607 1841 910 1905 'animadvertendum
931 1848 1036 1906 ambos
1057 1847 1146 1906 hosce

68 1955 153 2010 locos
167 1952 307 2027 pertinere
323 1953 362 2011 ad
382 1965 512 2012 suturam
527 1971 617 2027 quam
632 1971 719 2028 supra
735 1955 969 2012 memoravimus
981 1955 1028 2030 (cl.
1043 1973 1062 2029 p
1086 1957 1145 2028 54).

68 2059 188 2117 Deinde
221 2059 250 2116 in
278 2058 393 2134 Necyia
414 2061 615 2118 narrationem
637 2059 675 2118 de
698 2060 790 2118 caede
813 2061 1040 2137 Agamennonis
1061 2078 1144 2118 com·

67 2165 194 2241 positam
216 2185 278 2223 esse
293 2166 452 2224 contractis
467 2165 502 2224 iis
517 2185 593 2242 quae
609 2165 639 2223 in
651 2165 732 2224 libris
743 2194 772 2244 y,
787 2173 804 2222 δ
819 2178 975 2226 narrantur
986 2165 1147 2240 additaque

62 2291 146 2330 nova
178 2273 361 2332 Cassandrae
393 2290 533 2348 persona3
567 2284 596 2331 et
630 2273 713 2349 quod
742 2274 943 2332 Telemachus
976 2272 1005 2330 in
1032 2271 1147 2347 Necyia

56 2381 172 2439 dicitur
186 2379 225 2438 ad
241 2378 476 2438 adulescentiam
491 2377 550 2438 iam
566 2379 692 2456 venisse,
712 2378 745 2437 id
760 2398 797 2438 ex
811 2377 918 2437 notitia
934 2377 1146 2437 Telemaclriae

52 2488 260 2563 repetendum
296 2505 367 2545 esse.
410 2489 509 2546 Locos
546 2507 634 2562 porro
668 2486 697 2544 in
728 2512 764 2552 μ,
793 2515 806 2544 ο
839 2486 891 2544 ubi
924 2485 964 2542 ad
1001 2483 1145 2560 Necyiam

49 2593 224 2671 respicitur,
254 2605 359 2670 postea
385 2592 503 2652 additos
534 2613 597 2652 esse
628 2595 769 2666 affirmat;
799 2593 892 2668 ipsam
921 2603 1019 2650 autem
1041 2609 1145 2650 recen·

49 2701 129 2759 tiora
151 2701 304 2775 quaedam
330 2698 487 2775 excepisse.
532 2699 650 2758 Deinde
672 2699 702 2758 in
726 2707 848 2783 Νόστῳ
873 2698 947 2756 duas
968 2708 1063 2774 partes
1085 2716 1147 2756 esse

49 2821 171 2869 :ensetz
207 2809 413 2884 vetustiorem,
447 2827 506 2884 qua
538 2808 665 2866 breviter
693 2808 803 2866 narrati
825 2809 884 2867 sint
906 2826 1019 2866 errores
1041 2803 1147 2878 Ulixis,

50 2937 109 2976 ron
146 2916 336 2975 nominatim
366 2915 497 2974 inductis
528 2913 629 2987 sociis3
655 2913 684 2972 in
706 2933 765 2991 qua
786 2934 839 2991 per
863 2934 964 2974 versus
986 2918 1086 2981 ἔνθεν
1111 2912 1146 2977 δὲ

50 3024 207 3108 προτέρω
246 3023 389 3105 πλέομεν
425 3025 624 3109 ἀκαχήμενοι
656 3020 731 3105 ἦτορ
768 3032 835 3080 cett·
875 3020 1011 3080 transitus
1045 3021 1147 3079 fierent

50 3152 78 3205 p.
115 3133 213 3204 188);
238 3131 362 3188 alteram
385 3140 498 3205 partem
520 3128 712 3187 recentiorem
736 3129 942 3187 continentem
963 3127 1147 3186 narrationes

54 3257 73 3295 e
113 3237 268 3312 Cyclope
300 3247 330 3294 et
361 3237 398 3294 de
431 3235 519 3295 Circe
553 3238 593 3311 (p.
621 3234 698 3313 173),
743 3238 822 3294 Iram
845 3246 993 3311 praeterea
1015 3232 1146 3310 Neptuni

50 3362 134 3419 quae
173 3355 224 3402 est
259 3342 290 3400 in
319 3342 395 3403 libro
419 3364 432 3394 ε
457 3343 548 3417 inque
571 3342 740 3403 Phaeacide
763 3360 831 3400 cum
853 3361 890 3400 eo
915 3340 1097 3415 cohaerenti)
1119 3351 1148 3398 et

49 3449 191 3508 rxilium
230 3450 388 3509 Minervae
420 3451 459 3508 ab
491 3449 695 3526 antiquissimo
732 3451 854 3536 Νόστῳ
888 3448 1013 3517 aluisse;
1036 3449 1148 3507 scilicet

48 3556 203 3614 Jinervae
230 3568 333 3632 partes
355 3566 386 3615 ut
408 3557 533 3614 faventis
558 3556 634 3616 Ulixi
656 3557 831 3634 repetendas
854 3556 926 3616 dicit
945 3576 981 3616 ex
997 3533 1146 3616 Dolonia!

54 3711 61 3721 .
112 3668 198 3736 177)
231 3663 361 3722 Librum
392 3683 499 3740 nempe
520 3692 533 3722 ε
554 3665 592 3723 ad
613 3663 781 3726 recentiora
803 3665 949 3741 pertinere
972 3664 1026 3722 illo
1048 3663 1146 3722 iudice

47 3769 128 3846 guit
156 3771 262 3828 locus
286 3797 298 3826 a
323 3791 375 3846 177
401 3790 444 3847 sq.
467 3791 501 3829 ex
524 3795 538 3825 a
562 3791 619 3846 342
643 3790 707 3847 sqq.
730 3770 855 3848 petitus:
880 3769 1062 3830 contrarium
1078 3788 1148 3828 vero

48 3875 176 3932 tendit
210 3875 426 3950 Wilamowitz‚
448 3887 480 3934 ut
501 3875 669 3934 videbimus
702 3878 780 3933 Tum
802 3884 913 3935 norne'n
929 3874 1024 3951 ipsum
1041 3874 1147 3949 Calyp·

47 4002 56 4038 3
91 3982 354 4058 significatione
376 3982 528 4041 manifesta
551 4002 604 4040 sua
620 3982 647 4040 ei
663 3982 782 4040 videtur
796 3982 939 4059 originem
952 3980 1149 4041 recentiorem

47 4090 210 4148 :endere
254 4092 385 4162 fabulae,
417 4108 493 4164 quae
529 4089 677 4166 ignoretur
710 4089 740 4146 in
777 4092 844 4149 loco
879 4115 892 4144 τ
926 4109 981 4165 273
1006 4093 1045 4164 (p.
1072 4092 1149 4165 185).

52 4208 208 4257 stremo
250 4200 345 4262 multa
377 4197 480 4258 addita
512 4217 575 4257 esse
599 4197 724 4258 affirmat
746 4197 776 4258 in
800 4198 1031 4258 Phaeacensium
1053 4215 1148 4256 rerum
