2884 4880
566 399 600 458 71

80 563 161 630 Ἀλλ’
181 568 269 650 ἔμπης
293 566 441 649 καλάμην
467 565 504 646 γε’
529 560 556 629 o'
570 565 679 647 ὀίομαι
703 568 894 650 εἶςορόωντα
908 571 1128 647 Paradoxon.

78 689 134 734 cett.
155 711 186 720 -
205 679 282 736 Haec
305 674 405 735 omnia
427 674 501 757 vidit
521 674 584 734 sine
606 674 707 750 dubio,
732 694 914 753 quamquam
938 697 1000 737 non
1021 678 1129 754 attulit,

76 782 226 842 Kirchhoff:
255 802 343 860 quem
376 800 437 840 non
469 783 601 840 refellere
634 782 734 858 potuit
765 785 910 842 Kammer
933 817 969 826 —
992 794 1024 842 ut
1047 784 1131 844 vidi-

75 908 130 947 mus
157 908 270 949 -nec
300 887 365 948 Sittl
399 907 447 964 pp.
485 888 551 964 138,
577 907 645 966 140,
670 890 727 962 164
749 893 820 948 cett.
863 890 1019 950 Kammeri
1041 887 1129 969 argir-

73 1006 160 1054 menta
177 996 291 1065 iterans;
314 994 403 1054 Niese
425 1005 523 1054 autem
545 1013 594 1070 pg.
619 1012 673 1072 151
699 995 736 1054 de
758 998 849 1056 altera
872 1009 953 1074 parte
976 999 1129 1076 Odysseae
1151 974 1153 978 .

71 1104 137 1161 haec
155 1103 246 1162 habet:
270 1104 330 1174 „Es
351 1101 388 1160 ist
409 1101 475 1160 eine
497 1102 599 1160 locker
620 1102 818 1180 componirte,
843 1106 896 1163 mit
917 1105 1130 1185 gleichartigen
1163 1153 1167 1168 .

69 1210 249 1268 Einzelheiten
283 1209 443 1285 angelttllte
469 1208 646 1286 Handlnng‚
669 1229 714 1269 wo
744 1211 816 1270 aber
837 1212 916 1270 doch
938 1232 972 1272 so
993 1213 1129 1274 ziemlich

64 1317 127 1391 jede
158 1317 243 1376 Scene
275 1315 435 1374 denselben
466 1317 749 1393 Voraussetzungen
773 1319 918 1395 gehorcht
941 1321 1005 1380 und
1023 1338 1079 1380 nur
1098 1321 1129 1380 in
1187 1345 1215 1380 ῃ

65 1423 118 1482 den
140 1424 340 1483 vorhandenen
362 1424 489 1484 Verlauf
506 1423 559 1482 der
582 1425 748 1502 Handlung
766 1422 866 1484 hinein
880 1424 980 1501 passt'’
996 1459 1036 1472 -
1052 1445 1129 1503 quae

62 1549 128 1589 num
159 1541 231 1590 recte
262 1530 342 1590 dicta
373 1530 430 1590 sint
461 1531 587 1606 posthac
618 1531 802 1603 videbimus;
835 1542 964 1591 ceterum
986 1552 1034 1610 pp.
1062 1551 1129 1610 153,

62 1660 112 1716 191
145 1659 172 1698 n.
203 1661 218 1716 3
252 1638 429 1699 Kirchlroffii
462 1637 721 1699 observationibus
752 1638 919 1698 assentitur.
974 1642 1130 1699 Postremo

57 1748 244 1808 Wilamowitz
272 1769 299 1825 pv
331 1752 368 1807 60
400 1748 450 1821 (de
480 1745 569 1806 armis
601 1743 772 1826 consilinm)
805 1765 835 1822 p.
861 1764 918 1822 109
941 1746 992 1821 (de
1014 1748 1130 1806 transfi-

57 1855 212 1932 guratione)
245 1854 351 1931 partim
383 1853 534 1914 consentit
566 1871 634 1911 cum
666 1851 874 1927 Kirchhoffi0;
903 1852 943 1912 ad
964 1853 1038 1912 illud
1059 1871 1131 1912 vero

57 1963 138 2020 etiam
170 1961 293 2028 addidit,
326 1960 458 2020 similiter
489 1963 589 2020 locum
612 1984 628 2014 τ
650 1976 810 2036 495-502
835 1959 886 2035 (de
908 1959 1025 2018 ancillis
1048 1959 1130 2036 puni·

57 2068 146 2148 endis)
177 2076 208 2127 ut
228 2088 338 2128 nexum
359 2067 473 2127 illatum
495 2086 559 2126 esse
584 2059 661 2124 inter
682 2064 943 2142 praeparationem
964 2065 995 2124 in
1017 2089 1038 2122 π
1058 2068 1130 2142 (316

57 2181 128 2251 :ett.)
158 2168 197 2235 'et
232 2177 382 2234 actionem
415 2186 562 2232 narratam
594 2171 624 2230 in
652 2196 670 2243 χ
704 2174 881 2247 (417—27).
924 2175 966 2233 Ut
997 2172 1058 2249 ille,
1090 2171 1131 2230 ita

56 2284 143 2342 leeck
174 2301 294 2358 quoque
326 2302 374 2358 pp.
402 2303 440 2358 90
462 2300 526 2358 sqq,
550 2279 668 2356 longius
689 2289 860 2354 persecutus
882 2283 930 2338 est
952 2277 1131 2338 Kirehholfii

56 2389 281 2449 ‚bservationes

83 2499 132 2555 De
155 2497 303 2556 sententia
336 2506 433 2554 antem
467 2512 557 2571 quam
580 2490 644 2551 tulit
667 2491 830 2551 Kirchhofl
849 2491 888 2551 de
910 2493 1131 2569 compositione

56 2603 161 2664 lterius
184 2604 337 2680 Odysseae
361 2601 453 2678 partis
476 2602 506 2660 in
521 2600 692 2659 universum
707 2598 899 2660 statuendum
913 2609 968 2676 est,
989 2616 1055 2658 eum
1071 2619 1132 2659 non

56 2710 136 2787 uagis
159 2711 241 2768 hanc
264 2727 354 2786 quam
376 2727 459 2767 suam
482 2706 520 2766 de
542 2705 640 2783 priore
662 2714 745 2780 parte
768 2703 940 2780 opinionem
953 2705 1134 2780 probavisse.

56 2820 133 2877 'etus
159 2817 211 2875 ille
229 2820 270 2881 N
270 2824 361 2892 όστος
386 2817 539 2875 absolutus
559 2831 623 2871 esse
644 2810 708 2870 sine
730 2810 831 2870 caedis
852 2830 1012 2888 procorum
1037 2831 1133 2871 narra·

56 2944 118 2982 one
142 2942 210 2982 non
235 2921 348 2999 potnit3
371 2921 473 2980 curin
494 2920 592 2997 priore
614 2927 696 2994 parte
713 2921 889 2987 ἐποποιΐῃφ
905 2917 1087 2988 continuam,
1103 2919 1133 2977 in

59 3045 128 3090 tera
145 3051 223 3090 vero
241 3029 375 3088 carmina
389 3038 523 3106 separata
537 3029 576 3085 ab
590 3025 676 3084 initio
693 3026 921 3085 fundamentum
934 3025 1135 3085 diasceuastae

61 3139 122 3197 isse
149 3138 305 3206 dicamus
328 3137 441 3195 nullam
464 3133 558 3192 attulit
580 3133 784 3193 necessitatem
804 3145 854 3194 aut
874 3133 1133 3210 probabilitatem

56 3247 78 3306 ri
106 3247 362 3322 supplementum
384 3241 487 3301 secisse
510 3240 618 3300 dicitur
638 3241 859 3300 aKirchhoffio
876 3261 944 3300 eum
960 3259 1029 3300 suae
1043 3240 1134 3318 ipsius

56 3351 226 3411 irrationis
260 3351 347 3410 luisse
369 3350 565 3409 inmemorem
588 3360 638 3407 aut
662 3369 728 3408 eam
751 3367 818 3407 cum
845 3350 949 3409 ceteris
974 3349 1134 3410 conciliare

56 3459 213 3534 ¹quivisse
238 3457 383 3517 credibile
407 3474 469 3514 non
489 3466 540 3513 est.
564 3457 747 3530 Temporum
764 3465 863 3514 autem
879 3455 1030 3516 finitiones
1044 3475 1134 3531 quam

56 3567 161 3627 firmis
195 3565 402 3627 fundamentis
423 3563 582 3623 Kirchhoff
600 3561 825 3640 superstruxerit
846 3562 905 3624 iam
929 3563 1073 3627 vidimus:
1094 3563 1135 3622 ita

74 3696 120 3734 ne
145 3677 230 3735 illae
253 3674 376 3750 quidem
398 3673 437 3731 ad
458 3673 536 3730 hanc
551 3669 614 3730 eius
628 3670 801 3746 opinionem
818 3671 994 3732 firmandam
1009 3673 1135 3730 valeant.

56 3796 172 3859 ›paret
199 3783 293 3859 igitur
315 3781 377 3842 eius
399 3780 573 3840 sententiam
594 3779 632 3838 de
654 3778 872 3856 compositione
895 3779 1051 3856 Odysseae
1074 3797 1137 3837 non

56 3909 111 3947 sse
142 3891 283 3966 probari
305 3899 428 3964 excepta
449 3904 508 3944 nna
529 3906 569 3956 re,
592 3903 686 3960 eaque
707 3885 857 3960 quantivis
880 3885 1035 3954 momenti,
1056 3883 1138 3961 quod

59 3998 297 4074 tinguendum
328 4015 391 4056 esse
423 3993 564 4053 intellexit
597 3992 672 4050 inter
703 4002 824 4069 poetam
857 4004 887 4052 et
912 3992 1137 4051 diasceuastam.

56 4115 199 4162 teterea
229 4123 301 4163 vero
323 4103 422 4164 multis
443 4099 675 4174 acutissimisque
698 4099 756 4158 suis
772 4098 1028 4159 observationibus
1042 4095 1138 4156 effecit

62 4209 240 4286 plurimis
262 4211 337 4274 locis
361 4210 465 4274 melius
486 4207 670 4284 intellegatur
690 4208 835 4272 sententia
857 4205 1012 4270 carminis:
1036 4205 1136 4280 itaque
