2928 4886
672 412 706 449 21

154 572 241 632 futuri
274 573 344 632 lacti
375 591 436 633 non
460 573 621 632 convenire
643 591 713 630 cum
734 570 801 647 ipso
824 573 904 631 lacto
926 581 1044 630 narrato
1066 580 1116 630 aut
1140 570 1229 647 expli·

154 681 304 741 cationem
317 679 492 757 praeteritae
503 677 544 737 rei
556 696 624 737 cum
636 696 808 754 praegressa
818 675 988 737 narratione
1000 696 1063 736 non
1075 675 1232 754 quadrare.

153 791 199 847 lta
218 787 301 864 Jovis
321 789 475 847 oraculum
488 784 527 845 de
540 783 639 845 reditu
654 782 751 845 Ulixis
765 781 791 863 (e
810 805 846 862 29
861 787 941 862 sqq.)
956 785 1101 844 rationem
1118 784 1231 842 nullam

153 891 247 952 habet
277 890 429 970 sequentis
458 891 530 950 facti
561 890 652 968 ipsius
683 909 781 968 neque
813 889 938 967 periculi
969 889 1052 950 Ulixi
1073 888 1104 948 in
1127 891 1231 949 Ithaca

154 997 312 1057 subeundi.
354 996 514 1056 Terminus
535 997 574 1056 ab
596 996 727 1056 Alcinoo
748 1000 777 1070 (η
803 1014 859 1072 317
880 994 958 1075 sqq.)
980 1005 1101 1092 statutus
1122 995 1232 1072 hospiti

155 1102 334 1163 dimittendo
366 1114 470 1180 postea
490 1091 670 1181 neglegitur,
702 1121 763 1178 quo
785 1104 896 1162 lactum
929 1107 976 1162 est
1009 1114 1041 1162 ut
1063 1101 1172 1162 deinde
1194 1101 1232 1162 de

153 1212 331 1289 prolongata
352 1209 447 1271 Ulixis
468 1210 548 1286 apud
571 1211 722 1270 Phaeaces
744 1209 873 1271 statione
883 1209 959 1269 ratio
976 1209 1131 1270 reddenda
1145 1219 1231 1284 esset,

152 1317 306 1379 nonnullis
336 1317 469 1377 versibus
499 1316 597 1376 minus
628 1327 697 1394 apte
729 1316 759 1377 in
781 1317 889 1376 librum
913 1320 1018 1394 t(328
1040 1315 1122 1397 cett.)
1142 1315 1232 1376 illatis

152 1435 183 1484 et
215 1423 319 1484 addita
349 1423 381 1483 in
414 1423 490 1484 libro
522 1450 536 1479 ν
567 1427 618 1499 (16
650 1428 732 1498 cett.)
761 1424 848 1484 unius
869 1423 931 1485 diei
953 1423 1155 1500 descriptione
1178 1423 1230 1500 qui

151 1530 225 1592 nihil
256 1533 365 1608 profert
396 1530 606 1592 narrationem.
649 1530 746 1591 Ulixis
777 1541 807 1591 et
837 1530 990 1591 Minervae
1027 1550 1118 1608 quam
1149 1550 1231 1592 nunc

151 1637 279 1718 legimus
299 1639 479 1698 consultatio
501 1641 526 1712 (v
540 1656 596 1716 375
611 1642 687 1714 sqq.)
709 1640 821 1698 nullam
839 1637 993 1697 utilitatem
1009 1639 1129 1716 praebet
1142 1639 1231 1698 rebus

150 1745 307 1824 gerendis;
328 1764 465 1823 quaeque
483 1765 501 1803 a
520 1744 654 1805 Minerva
666 1743 828 1804 instituitur
841 1743 1058 1822 transfiguratio
1073 1743 1174 1819 Ulixis,
1195 1764 1232 1804 ea

151 1849 252 1910 multis
284 1849 360 1910 locis
394 1856 421 1924 1)
453 1861 556 1926 postea
585 1850 746 1928 ignoratur.
788 1849 957 1911 Consilium
988 1849 1072 1927 quod
1096 1849 1232 1909 Minerva

151 1958 339 2018 Telemacho
360 1957 410 2016 dat
431 1955 509 2030 (libri
531 1985 544 2012 ο
566 1956 620 2033 in.)
639 1957 704 2017 aliis
715 1957 871 2018 eventibus
881 1957 1068 2017 immutatum
1080 1957 1231 2033 videmus3

151 2083 231 2141 quae
262 2075 362 2124 autem
393 2064 496 2125 Ulixes
530 2075 559 2124 et
590 2063 665 2124 filius
695 2063 798 2123 ineunt
833 2063 957 2124 consilia
993 2066 1085 2139 (libro
1116 2071 1149 2139 2)
1181 2074 1230 2123 aut

152 2172 277 2232 omnino
299 2190 361 2231 non
382 2170 423 2230 ad
437 2173 576 2232 effectum
590 2172 713 2231 veniunt
729 2183 779 2231 aut
793 2171 900 2249 partim
914 2181 1027 2231 tantum
1044 2181 1231 2248 peraguntur,

150 2288 185 2338 ut
206 2279 245 2338 de
259 2277 346 2336 armis
360 2277 592 2355 abscondendis,
614 2279 652 2338 de
668 2277 784 2337 ancillis
799 2278 997 2355 explorandis.
1021 2281 1106 2355 Quae
1119 2279 1198 2338 libro
1213 2304 1229 2334 2

153 2403 211 2466 571
246 2395 313 2447 cett.
355 2385 508 2460 Penelope
540 2385 631 2445 docet
662 2385 700 2444 de
733 2383 892 2444 certamine
923 2384 1124 2460 instituendo,
1156 2387 1230 2444 haec

151 2492 230 2553 libro
255 2520 273 2560 φ
292 2491 344 2560 in..
366 2489 418 2549 ubi
433 2489 569 2550 Minerva
584 2490 647 2550 eius
661 2489 779 2551 consilii
793 2503 897 2553 auctor
912 2492 1030 2571 dicitur,
1050 2495 1231 2572 ignorantur.

152 2601 242 2659 Plura
272 2599 375 2657 afferre
407 2613 580 2672 possumus;
612 2597 666 2657 sed
698 2616 735 2657 ex
768 2598 906 2659 omnibus
937 2600 983 2660 his
1013 2612 1137 2678 apparet
1157 2602 1231 2660 tales

150 2708 247 2773 locos,
279 2702 534 2782 quemadmodum
565 2703 656 2764 etiam
688 2705 841 2765 Minervae
867 2725 935 2766 cum
957 2708 1139 2780 Telemacho
1162 2726 1230 2767 con-

152 2810 272 2872 sultatio
303 2809 334 2868 in
367 2807 443 2869 libro
466 2839 497 2882 α,
530 2821 582 2870 aut
614 2821 681 2888 post
708 2813 855 2872 factorum
878 2811 1011 2889 ipsorum
1032 2813 1230 2874 narrationem

152 2919 272 2980 additos
292 2934 356 2976 esse
382 2915 490 2975 autad
513 2915 661 2977 diversam
683 2919 824 2978 carminis
846 2919 1051 2980 recensionem
1069 2921 1230 2998 pertinere;

153 3023 301 3104 quodibi
323 3039 443 3100 quoque
465 3024 544 3083 valet
564 3023 616 3083 nbi
637 3024 675 3084 ad
696 3025 857 3102 praeterita
877 3026 1041 3105 respicitur.

193 3135 248 3190 Ia.
292 3129 342 3191 Sic
374 3128 498 3188 deorum
532 3130 696 3191 concilium
720 3133 798 3206 (libr.
819 3157 831 3188 ε
855 3133 908 3212 in.)
931 3136 1057 3194 alterum
1079 3155 1138 3194 non
1160 3154 1230 3195 con·

153 3238 228 3300 cinit
247 3256 316 3297 cum
337 3235 451 3313 priore;
476 3237 519 3296 sic
544 3236 575 3296 in
599 3237 694 3298 Ulixis
715 3241 883 3301 narratione
904 3241 943 3301 de
965 3242 1095 3301 adventu
1115 3261 1170 3301 suo
1192 3241 1230 3301 ad

153 3348 305 3406 Phaeaces
328 3344 405 3418 (libr.
429 3373 446 3420 η
464 3347 521 3404 266
536 3351 617 3420 cett.)
628 3346 768 3406 auxilium
779 3349 969 3408 Leucotheae
981 3346 1124 3408 omittitur
1136 3349 1232 3425 (abest

153 3453 242 3514 etiam
258 3472 275 3512 a
289 3452 366 3514 libro
385 3461 402 3522 ζ
424 3473 492 3530 119,
509 3456 588 3529 176).
610 3452 726 3513 Eodem
736 3455 806 3514 loco
817 3453 915 3515 Ulixis
929 3454 968 3514 de
982 3473 1013 3513 se
1026 3453 1092 3530 ipso
1104 3465 1231 3531 excepto

152 3579 170 3619 a
190 3560 337 3619 Nausicaa
358 3573 456 3621 narrat
474 3579 535 3620 non
556 3559 751 3638 congruentia
763 3577 832 3619 cum
847 3560 955 3631 librot
973 3563 1030 3639 258
1046 3579 1127 3638 sqq.;
1149 3559 1231 3620 idem

152 3668 229 3726 valet
250 3668 288 3727 de
309 3667 345 3727 iis
366 3687 443 3745 quae
464 3666 496 3726 in
510 3667 588 3727 libro
602 3689 618 3740 ρ
637 3686 705 3746 120,
721 3671 777 3742 148
793 3686 858 3746 sqq.
880 3670 1080 3728 Telemachus
1094 3667 1179 3726 matri
1194 3667 1231 3727 de

151 3793 206 3835 suo
227 3773 333 3834 itinere
355 3775 445 3834 relert
460 3791 528 3833 cum
544 3783 609 3834 toto
624 3773 702 3835 libro
718 3783 736 3830 δ
753 3775 942 3852 comparatis,
964 3778 1047 3855 quod
1058 3788 1159 3836 tamen
1173 3777 1233 3836 hoc

150 3881 220 3939 loco
241 3879 444 3958 neglegentiae
467 3879 567 3957 potius
589 3879 784 3940 tribuendum
806 3879 923 3941 videtur
945 3888 985 3958 2).
1020 3886 1143 3943 Errores
1164 3899 1233 3942 suos

155 4001 313 4010 -—.

190 4063 212 4120 ι)
230 4061 244 4116 ε
264 4072 316 4126 2¹4
331 4080 347 4128 ρ
365 4060 418 4121 484
435 4081 451 4111 τ
472 4071 522 4124 357
540 4077 597 4126 sqq.
620 4070 670 4123 379
688 4075 753 4126 sqq,
770 4079 786 4108 v
808 4074 856 4124 194
873 4083 889 4122 φ
910 4075 959 4125 334
977 4071 1001 4112 et
1010 4063 1115 4112 omnino
1124 4062 1151 4110 in
1161 4062 1234 4112 libris

154 4159 171 4206 χ
189 4151 214 4188 et
229 4155 258 4200 ψ.
294 4143 360 4190 Vide
380 4142 447 4190 inira
463 4158 508 4206 pg.
527 4151 559 4202 70
577 4157 615 4206 sq.

187 4221 216 4287 2)
235 4221 315 4272 Aliter
332 4223 361 4274 F.
378 4223 411 4271 de
427 4222 513 4280 Duhn,
531 4222 564 4270 de
583 4221 696 4271 Menelai
714 4221 808 4272 itinere
828 4224 958 4289 Aegyptio
977 4240 1020 4288 pg.
1039 4237 1055 4287 9
1074 4221 1169 4286 (1874.)
