<?xml version="1.0" encoding="UTF-8"?>
<!DOCTYPE html PUBLIC "-//W3C//DTD XHTML 1.0 Transitional//EN"
    "http://www.w3.org/TR/xhtml1/DTD/xhtml1-transitional.dtd">
<html xmlns="http://www.w3.org/1999/xhtml" xml:lang="en" lang="en">
 <head>
  <title>
</title>
<meta http-equiv="Content-Type" content="text/html;charset=utf-8" />
  <meta name='ocr-system' content='tesseract 3.04.00' />
  <meta name='ocr-capabilities' content='ocr_page ocr_carea ocr_par ocr_line ocrx_word'/>
</head>
<body>
  <div class='ocr_page' id='page_1' title='image "./praecipuaerecen00fraegoog_0126.png"; bbox 0 0 2884 4880; ppageno 0'>
   <div class='ocr_carea' id='block_1_1' title="bbox 569 394 622 446">
    <p class='ocr_par' dir='ltr' id='par_1_1' title="bbox 569 394 622 446">
     <span class='ocr_line' id='line_1_1' title="bbox 569 394 622 446; baseline 0 0"><span class='ocrx_word' id='word_1_1' title='bbox 569 394 622 446; x_wconf 75' lang='lat'>111</span> 
     </span>
    </p>
   </div>
   <div class='ocr_carea' id='block_1_2' title="bbox 74 565 1135 2446">
    <p class='ocr_par' dir='ltr' id='par_1_2' title="bbox 74 565 1135 2446">
     <span class='ocr_line' id='line_1_2' title="bbox 74 565 1129 645; baseline 0.001 -20"><span class='ocrx_word' id='word_1_2' title='bbox 74 568 175 627; x_wconf 85' lang='lat' dir='ltr'>umaei</span> <span class='ocrx_word' id='word_1_3' title='bbox 209 573 236 644; x_wconf 85' lang='grc' dir='ltr'>(ρ</span> <span class='ocrx_word' id='word_1_4' title='bbox 273 573 326 628; x_wconf 86' lang='lat'>182</span> <span class='ocrx_word' id='word_1_5' title='bbox 366 572 464 642; x_wconf 87' lang='lat' dir='ltr'>cett.);</span> <span class='ocrx_word' id='word_1_6' title='bbox 498 587 568 627; x_wconf 90' lang='lat' dir='ltr'>narn</span> <span class='ocrx_word' id='word_1_7' title='bbox 604 576 721 645; x_wconf 91' lang='lat' dir='ltr'>tempus</span> <span class='ocrx_word' id='word_1_8' title='bbox 754 566 930 626; x_wconf 90' lang='lat' dir='ltr'>matutinum</span> <span class='ocrx_word' id='word_1_9' title='bbox 963 565 1129 627; x_wconf 89' lang='lat' dir='ltr'>indicatum</span> 
     </span>
     <span class='ocr_line' id='line_1_3' title="bbox 74 675 1129 752; baseline 0.001 -18"><span class='ocrx_word' id='word_1_10' title='bbox 74 701 77 726; x_wconf 88' lang='lat'><em>·</em></span> <span class='ocrx_word' id='word_1_11' title='bbox 102 697 156 752; x_wconf 86' lang='lat'>190</span> <span class='ocrx_word' id='word_1_12' title='bbox 179 681 235 751; x_wconf 88' lang='lat' dir='ltr'>sq.)</span> <span class='ocrx_word' id='word_1_13' title='bbox 266 675 409 734; x_wconf 89' lang='lat' dir='ltr'>convenit</span> <span class='ocrx_word' id='word_1_14' title='bbox 437 692 504 734; x_wconf 89' lang='lat' dir='ltr'>curn</span> <span class='ocrx_word' id='word_1_15' title='bbox 527 693 701 752; x_wconf 86' lang='lat' dir='ltr'>congressus</span> <span class='ocrx_word' id='word_1_16' title='bbox 723 675 881 734; x_wconf 91' lang='lat' dir='ltr'>Melanthii</span> <span class='ocrx_word' id='word_1_17' title='bbox 902 687 1046 752; x_wconf 85' lang='lat' dir='ltr'>tempore,</span> <span class='ocrx_word' id='word_1_18' title='bbox 1078 675 1129 751; x_wconf 91' lang='lat' dir='ltr'>qui</span> 
     </span>
     <span class='ocr_line' id='line_1_4' title="bbox 74 782 1130 861; baseline 0 -20"><span class='ocrx_word' id='word_1_19' title='bbox 74 784 181 842; x_wconf 91' lang='lat' dir='ltr'>ecudes</span> <span class='ocrx_word' id='word_1_20' title='bbox 211 782 271 861; x_wconf 84' lang='lat' dir='ltr'>agit</span> <span class='ocrx_word' id='word_1_21' title='bbox 302 783 341 842; x_wconf 90' lang='lat' dir='ltr'>ad</span> <span class='ocrx_word' id='word_1_22' title='bbox 373 802 477 841; x_wconf 90' lang='lat' dir='ltr'>cenam</span> <span class='ocrx_word' id='word_1_23' title='bbox 509 801 667 858; x_wconf 91' lang='lat' dir='ltr'>procorum</span> <span class='ocrx_word' id='word_1_24' title='bbox 700 787 727 856; x_wconf 87' lang='grc' dir='ltr'>(ρ</span> <span class='ocrx_word' id='word_1_25' title='bbox 758 786 829 856; x_wconf 87' lang='lat'>214)</span> <span class='ocrx_word' id='word_1_26' title='bbox 861 793 890 841; x_wconf 93' lang='lat' dir='ltr'>et</span> <span class='ocrx_word' id='word_1_27' title='bbox 913 782 943 840; x_wconf 90' lang='lat' dir='ltr'>in</span> <span class='ocrx_word' id='word_1_28' title='bbox 966 801 1014 856; x_wconf 91' lang='lat' dir='ltr'>eo,</span> <span class='ocrx_word' id='word_1_29' title='bbox 1047 783 1130 860; x_wconf 92' lang='lat' dir='ltr'>quod</span> 
     </span>
     <span class='ocr_line' id='line_1_5' title="bbox 74 888 1131 967; baseline 0.003 -21"><span class='ocrx_word' id='word_1_30' title='bbox 74 891 178 949; x_wconf 86' lang='lat' dir='ltr'>iemale</span> <span class='ocrx_word' id='word_1_31' title='bbox 206 901 322 966; x_wconf 88' lang='lat' dir='ltr'>tempus</span> <span class='ocrx_word' id='word_1_32' title='bbox 354 890 432 948; x_wconf 87' lang='lat' dir='ltr'>clare</span> <span class='ocrx_word' id='word_1_33' title='bbox 453 889 602 948; x_wconf 89' lang='lat' dir='ltr'>iudicatur</span> <span class='ocrx_word' id='word_1_34' title='bbox 624 895 650 963; x_wconf 86' lang='grc' dir='ltr'>(ρ</span> <span class='ocrx_word' id='word_1_35' title='bbox 673 909 729 966; x_wconf 85' lang='lat'>190</span> <span class='ocrx_word' id='word_1_36' title='bbox 752 891 808 967; x_wconf 89' lang='lat' dir='ltr'>sq.)</span> <span class='ocrx_word' id='word_1_37' title='bbox 832 889 981 966; x_wconf 88' lang='lat' dir='ltr'>conspirat</span> <span class='ocrx_word' id='word_1_38' title='bbox 1003 888 1131 950; x_wconf 87' lang='lat' dir='ltr'>narratio</span> 
     </span>
     <span class='ocr_line' id='line_1_6' title="bbox 74 995 1130 1074; baseline 0.002 -20"><span class='ocrx_word' id='word_1_39' title='bbox 74 1017 121 1054; x_wconf 91' lang='lat' dir='ltr'>um</span> <span class='ocrx_word' id='word_1_40' title='bbox 149 996 214 1056; x_wconf 92' lang='lat' dir='ltr'>aliis</span> <span class='ocrx_word' id='word_1_41' title='bbox 242 996 317 1056; x_wconf 90' lang='lat' dir='ltr'>locis</span> <span class='ocrx_word' id='word_1_42' title='bbox 339 995 371 1055; x_wconf 90' lang='lat' dir='ltr'>in</span> <span class='ocrx_word' id='word_1_43' title='bbox 393 995 522 1056; x_wconf 81' lang='lat' dir='ltr'>carmine</span> <span class='ocrx_word' id='word_1_44' title='bbox 544 1011 576 1056; x_wconf 87' lang='lat' dir='ltr'>A.</span> <span class='ocrx_word' id='word_1_45' title='bbox 598 1030 639 1042; x_wconf 89' lang='lat'>-</span> <span class='ocrx_word' id='word_1_46' title='bbox 660 997 737 1055; x_wconf 89' lang='lat' dir='ltr'>Cum</span> <span class='ocrx_word' id='word_1_47' title='bbox 757 996 807 1055; x_wconf 87' lang='lat' dir='ltr'>alii</span> <span class='ocrx_word' id='word_1_48' title='bbox 828 999 928 1056; x_wconf 88' lang='lat' dir='ltr'>locum</span> <span class='ocrx_word' id='word_1_49' title='bbox 951 1024 967 1073; x_wconf 85' lang='grc' dir='ltr'><em>ρ</em></span> <span class='ocrx_word' id='word_1_50' title='bbox 988 1001 1130 1074; x_wconf 82' lang='lat'>31—166</span> 
     </span>
     <span class='ocr_line' id='line_1_7' title="bbox 74 1103 1131 1190; baseline 0.004 -30"><span class='ocrx_word' id='word_1_51' title='bbox 74 1114 181 1162; x_wconf 87' lang='lat' dir='ltr'>rturam</span> <span class='ocrx_word' id='word_1_52' title='bbox 213 1123 275 1163; x_wconf 90' lang='lat' dir='ltr'>esse</span> <span class='ocrx_word' id='word_1_53' title='bbox 308 1103 453 1180; x_wconf 72' lang='lat' dir='ltr'>dixerunt,</span> <span class='ocrx_word' id='word_1_54' title='bbox 484 1105 579 1190; x_wconf 88' lang='lat' dir='ltr'>Seeck</span> <span class='ocrx_word' id='word_1_55' title='bbox 609 1105 689 1162; x_wconf 94' lang='lat' dir='ltr'>hanc</span> <span class='ocrx_word' id='word_1_56' title='bbox 716 1103 883 1181; x_wconf 87' lang='lat' dir='ltr'>longiorem</span> <span class='ocrx_word' id='word_1_57' title='bbox 912 1123 975 1163; x_wconf 88' lang='lat' dir='ltr'>esse</span> <span class='ocrx_word' id='word_1_58' title='bbox 997 1116 1080 1182; x_wconf 90' lang='lat' dir='ltr'>putat</span> <span class='ocrx_word' id='word_1_59' title='bbox 1102 1120 1131 1164; x_wconf 88' lang='lat' dir='ltr'>et</span> 
     </span>
     <span class='ocr_line' id='line_1_8' title="bbox 74 1209 1130 1287; baseline 0.004 -19"><span class='ocrx_word' id='word_1_60' title='bbox 74 1209 171 1268; x_wconf 73' lang='lat' dir='ltr'>utendi</span> <span class='ocrx_word' id='word_1_61' title='bbox 198 1229 291 1285; x_wconf 91' lang='lat' dir='ltr'>usque</span> <span class='ocrx_word' id='word_1_62' title='bbox 313 1211 351 1269; x_wconf 92' lang='lat' dir='ltr'>ad</span> <span class='ocrx_word' id='word_1_63' title='bbox 374 1227 490 1269; x_wconf 90' lang='lat' dir='ltr'>versum</span> <span class='ocrx_word' id='word_1_64' title='bbox 519 1215 572 1269; x_wconf 89' lang='lat'>182</span> <span class='ocrx_word' id='word_1_65' title='bbox 596 1222 624 1269; x_wconf 91' lang='lat' dir='ltr'>et</span> <span class='ocrx_word' id='word_1_66' title='bbox 646 1229 735 1269; x_wconf 87' lang='lat' dir='ltr'>omne</span> <span class='ocrx_word' id='word_1_67' title='bbox 755 1209 871 1269; x_wconf 90' lang='lat' dir='ltr'>initium</span> <span class='ocrx_word' id='word_1_68' title='bbox 892 1209 961 1270; x_wconf 88' lang='lat' dir='ltr'>libri</span> <span class='ocrx_word' id='word_1_69' title='bbox 983 1237 999 1287; x_wconf 83' lang='grc' dir='ltr'><em>ρ</em></span> <span class='ocrx_word' id='word_1_70' title='bbox 1021 1213 1130 1272; x_wconf 90' lang='lat' dir='ltr'>eodem</span> 
     </span>
     <span class='ocr_line' id='line_1_9' title="bbox 74 1317 1133 1394; baseline 0 -20"><span class='ocrx_word' id='word_1_71' title='bbox 74 1318 155 1394; x_wconf 67' lang='lat' dir='ltr'>tlert3</span> <span class='ocrx_word' id='word_1_72' title='bbox 176 1317 245 1394; x_wconf 90' lang='lat' dir='ltr'>quia</span> <span class='ocrx_word' id='word_1_73' title='bbox 265 1317 295 1376; x_wconf 88' lang='lat' dir='ltr'>in</span> <span class='ocrx_word' id='word_1_74' title='bbox 317 1318 362 1376; x_wconf 91' lang='lat' dir='ltr'>his</span> <span class='ocrx_word' id='word_1_75' title='bbox 382 1319 530 1393; x_wconf 84' lang='lat' dir='ltr'><strong>quaedam</strong></span> <span class='ocrx_word' id='word_1_76' title='bbox 555 1327 685 1394; x_wconf 85' lang='lat' dir='ltr'><strong>pugnent</strong></span> <span class='ocrx_word' id='word_1_77' title='bbox 708 1335 776 1376; x_wconf 85' lang='lat' dir='ltr'>curn</span> <span class='ocrx_word' id='word_1_78' title='bbox 798 1318 930 1394; x_wconf 87' lang='lat' dir='ltr'>partibus</span> <span class='ocrx_word' id='word_1_79' title='bbox 951 1319 1088 1378; x_wconf 84' lang='lat' dir='ltr'>carminis</span> <span class='ocrx_word' id='word_1_80' title='bbox 1108 1326 1133 1374; x_wconf 98' lang='lat' dir='ltr'><em>A</em></span> 
     </span>
     <span class='ocr_line' id='line_1_10' title="bbox 74 1424 1130 1503; baseline 0.004 -22"><span class='ocrx_word' id='word_1_81' title='bbox 74 1425 102 1481; x_wconf 80' lang='lat' dir='ltr'>:t</span> <span class='ocrx_word' id='word_1_82' title='bbox 118 1451 133 1498; x_wconf 86' lang='grc' dir='ltr'><em>ρ</em></span> <span class='ocrx_word' id='word_1_83' title='bbox 158 1443 211 1498; x_wconf 81' lang='lat'>170</span> <span class='ocrx_word' id='word_1_84' title='bbox 226 1443 324 1499; x_wconf 63' lang='lat' dir='ltr'>cuma</span> <span class='ocrx_word' id='word_1_85' title='bbox 345 1443 418 1502; x_wconf 72' lang='lat'>²133</span> <span class='ocrx_word' id='word_1_86' title='bbox 440 1424 522 1483; x_wconf 87' lang='lat' dir='ltr'>idern</span> <span class='ocrx_word' id='word_1_87' title='bbox 534 1425 625 1484; x_wconf 89' lang='lat' dir='ltr'>limen</span> <span class='ocrx_word' id='word_1_88' title='bbox 640 1452 655 1501; x_wconf 79' lang='grc' dir='ltr'><em>ρ</em></span> <span class='ocrx_word' id='word_1_89' title='bbox 676 1445 714 1500; x_wconf 90' lang='lat'>30</span> <span class='ocrx_word' id='word_1_90' title='bbox 731 1437 853 1484; x_wconf 90' lang='lat' dir='ltr'>vocatur</span> <span class='ocrx_word' id='word_1_91' title='bbox 869 1426 1019 1502; x_wconf 81' lang='lat' dir='ltr'>lapideum</span> <span class='ocrx_word' id='word_1_92' title='bbox 1033 1455 1047 1499; x_wconf 68' lang='grc' dir='ltr'><em>ρ</em></span> <span class='ocrx_word' id='word_1_93' title='bbox 1071 1447 1130 1503; x_wconf 82' lang='lat'>339</span> 
     </span>
     <span class='ocr_line' id='line_1_11' title="bbox 74 1529 1129 1608; baseline 0.002 -20"><span class='ocrx_word' id='word_1_94' title='bbox 74 1530 227 1604; x_wconf 78' lang='lat' dir='ltr'>ariacum)</span> <span class='ocrx_word' id='word_1_95' title='bbox 249 1542 277 1589; x_wconf 93' lang='lat' dir='ltr'>et</span> <span class='ocrx_word' id='word_1_96' title='bbox 297 1529 457 1590; x_wconf 81' lang='lat' dir='ltr'>inducatur</span> <span class='ocrx_word' id='word_1_97' title='bbox 481 1532 594 1591; x_wconf 90' lang='lat' dir='ltr'>Medon</span> <span class='ocrx_word' id='word_1_98' title='bbox 617 1535 644 1607; x_wconf 84' lang='grc' dir='ltr'>(ρ</span> <span class='ocrx_word' id='word_1_99' title='bbox 668 1534 738 1608; x_wconf 87' lang='lat'>172)</span> <span class='ocrx_word' id='word_1_100' title='bbox 761 1531 813 1608; x_wconf 92' lang='lat' dir='ltr'>qui</span> <span class='ocrx_word' id='word_1_101' title='bbox 834 1533 910 1591; x_wconf 87' lang='lat' dir='ltr'>absit</span> <span class='ocrx_word' id='word_1_102' title='bbox 931 1532 970 1591; x_wconf 92' lang='lat' dir='ltr'>ab</span> <span class='ocrx_word' id='word_1_103' title='bbox 985 1531 1129 1607; x_wconf 90' lang='lat' dir='ltr'>antiquis·</span> 
     </span>
     <span class='ocr_line' id='line_1_12' title="bbox 79 1637 1133 1718; baseline 0.006 -24"><span class='ocrx_word' id='word_1_104' title='bbox 79 1657 127 1695; x_wconf 90' lang='lat' dir='ltr'>ma</span> <span class='ocrx_word' id='word_1_105' title='bbox 158 1637 342 1714; x_wconf 81' lang='lat' dir='ltr'>narratione3</span> <span class='ocrx_word' id='word_1_106' title='bbox 374 1639 427 1696; x_wconf 87' lang='lat' dir='ltr'>sed</span> <span class='ocrx_word' id='word_1_107' title='bbox 458 1638 585 1697; x_wconf 84' lang='lat' dir='ltr'>maxime</span> <span class='ocrx_word' id='word_1_108' title='bbox 616 1641 657 1698; x_wconf 94' lang='lat' dir='ltr'>ob</span> <span class='ocrx_word' id='word_1_109' title='bbox 690 1642 781 1699; x_wconf 89' lang='lat' dir='ltr'>multa</span> <span class='ocrx_word' id='word_1_110' title='bbox 809 1641 901 1701; x_wconf 88' lang='lat' dir='ltr'>verba</span> <span class='ocrx_word' id='word_1_111' title='bbox 921 1641 951 1699; x_wconf 92' lang='lat' dir='ltr'>in</span> <span class='ocrx_word' id='word_1_112' title='bbox 973 1642 1029 1699; x_wconf 92' lang='lat' dir='ltr'>hac</span> <span class='ocrx_word' id='word_1_113' title='bbox 1051 1653 1133 1718; x_wconf 89' lang='lat' dir='ltr'>parte</span> 
     </span>
     <span class='ocr_line' id='line_1_13' title="bbox 74 1744 1132 1822; baseline 0.002 -20"><span class='ocrx_word' id='word_1_114' title='bbox 74 1770 80 1815; x_wconf 63' lang='lat' dir='ltr'><em>p</em></span> <span class='ocrx_word' id='word_1_115' title='bbox 113 1745 242 1818; x_wconf 84' lang='lat'>1-182)</span> <span class='ocrx_word' id='word_1_116' title='bbox 270 1744 369 1818; x_wconf 88' lang='lat' dir='ltr'>obvia,</span> <span class='ocrx_word' id='word_1_117' title='bbox 401 1763 477 1820; x_wconf 88' lang='lat' dir='ltr'>quae</span> <span class='ocrx_word' id='word_1_118' title='bbox 502 1745 599 1804; x_wconf 89' lang='lat' dir='ltr'>aliena</span> <span class='ocrx_word' id='word_1_119' title='bbox 620 1746 679 1804; x_wconf 91' lang='lat' dir='ltr'>sint</span> <span class='ocrx_word' id='word_1_120' title='bbox 700 1766 718 1803; x_wconf 90' lang='lat' dir='ltr'>a</span> <span class='ocrx_word' id='word_1_121' title='bbox 740 1747 871 1806; x_wconf 90' lang='lat' dir='ltr'>carmine</span> <span class='ocrx_word' id='word_1_122' title='bbox 892 1755 930 1820; x_wconf 76' lang='lat'>¹13</span> <span class='ocrx_word' id='word_1_123' title='bbox 962 1747 1079 1822; x_wconf 88' lang='lat' dir='ltr'>quade</span> <span class='ocrx_word' id='word_1_124' title='bbox 1101 1766 1132 1804; x_wconf 93' lang='lat' dir='ltr'>re</span> 
     </span>
     <span class='ocr_line' id='line_1_14' title="bbox 74 1850 1135 1912; baseline -0.003 -2"><span class='ocrx_word' id='word_1_125' title='bbox 74 1862 157 1910; x_wconf 89' lang='lat' dir='ltr'>ostea</span> <span class='ocrx_word' id='word_1_126' title='bbox 188 1850 281 1910; x_wconf 89' lang='lat' dir='ltr'>acturi</span> <span class='ocrx_word' id='word_1_127' title='bbox 312 1869 421 1910; x_wconf 90' lang='lat' dir='ltr'>sumus.</span> <span class='ocrx_word' id='word_1_128' title='bbox 456 1851 665 1910; x_wconf 88' lang='lat' dir='ltr'>Narrationem</span> <span class='ocrx_word' id='word_1_129' title='bbox 698 1852 821 1911; x_wconf 89' lang='lat' dir='ltr'>Eumaei</span> <span class='ocrx_word' id='word_1_130' title='bbox 851 1852 883 1911; x_wconf 87' lang='lat' dir='ltr'>in</span> <span class='ocrx_word' id='word_1_131' title='bbox 909 1852 1021 1912; x_wconf 76' lang='lat' dir='ltr'>libroo</span> <span class='ocrx_word' id='word_1_132' title='bbox 1052 1853 1091 1910; x_wconf 90' lang='lat' dir='ltr'>ad</span> <span class='ocrx_word' id='word_1_133' title='bbox 1109 1859 1135 1907; x_wconf 90' lang='lat' dir='ltr'><em>A</em></span> 
     </span>
     <span class='ocr_line' id='line_1_15' title="bbox 74 1956 1133 2035; baseline 0.004 -21"><span class='ocrx_word' id='word_1_134' title='bbox 74 1958 140 2015; x_wconf 85' lang='lat' dir='ltr'>:fert</span> <span class='ocrx_word' id='word_1_135' title='bbox 163 1957 270 2026; x_wconf 83' lang='lat' dir='ltr'>Seeck,</span> <span class='ocrx_word' id='word_1_136' title='bbox 295 1958 454 2016; x_wconf 90' lang='lat' dir='ltr'>oblocutus</span> <span class='ocrx_word' id='word_1_137' title='bbox 474 1956 715 2019; x_wconf 88' lang='lat' dir='ltr'>Wilamowitzio:</span> <span class='ocrx_word' id='word_1_138' title='bbox 737 1976 797 2035; x_wconf 91' lang='lat' dir='ltr'>qua</span> <span class='ocrx_word' id='word_1_139' title='bbox 811 1978 848 2018; x_wconf 89' lang='lat' dir='ltr'>ex</span> <span class='ocrx_word' id='word_1_140' title='bbox 862 1959 1028 2019; x_wconf 84' lang='lat' dir='ltr'>narratione</span> <span class='ocrx_word' id='word_1_141' title='bbox 1043 1960 1133 2019; x_wconf 90' lang='lat' dir='ltr'>etiam</span> 
     </span>
     <span class='ocr_line' id='line_1_16' title="bbox 74 2062 1133 2143; baseline 0.003 -22"><span class='ocrx_word' id='word_1_142' title='bbox 74 2062 287 2138; x_wconf 86' lang='lat' dir='ltr'>utiquissimum</span> <span class='ocrx_word' id='word_1_143' title='bbox 321 2075 504 2123; x_wconf 90' lang='lat' dir='ltr'>momentum</span> <span class='ocrx_word' id='word_1_144' title='bbox 536 2062 658 2124; x_wconf 83' lang='lat' dir='ltr'>Ulixeae</span> <span class='ocrx_word' id='word_1_145' title='bbox 680 2066 798 2124; x_wconf 88' lang='lat' dir='ltr'>fabulae</span> <span class='ocrx_word' id='word_1_146' title='bbox 821 2065 984 2143; x_wconf 86' lang='lat' dir='ltr'>indagavit,</span> <span class='ocrx_word' id='word_1_147' title='bbox 1017 2065 1133 2124; x_wconf 82' lang='lat' dir='ltr'>Ulixem</span> 
     </span>
     <span class='ocr_line' id='line_1_17' title="bbox 74 2171 1134 2248; baseline 0 -18"><span class='ocrx_word' id='word_1_148' title='bbox 74 2171 144 2230; x_wconf 73' lang='lat' dir='ltr'>&gt;sius</span> <span class='ocrx_word' id='word_1_149' title='bbox 175 2172 245 2241; x_wconf 89' lang='lat' dir='ltr'>solis</span> <span class='ocrx_word' id='word_1_150' title='bbox 275 2171 308 2229; x_wconf 93' lang='lat' dir='ltr'>in</span> <span class='ocrx_word' id='word_1_151' title='bbox 339 2173 442 2247; x_wconf 90' lang='lat' dir='ltr'>mytho</span> <span class='ocrx_word' id='word_1_152' title='bbox 474 2171 606 2248; x_wconf 89' lang='lat' dir='ltr'>partibus</span> <span class='ocrx_word' id='word_1_153' title='bbox 637 2172 809 2248; x_wconf 82' lang='lat' dir='ltr'>fungentem</span> <span class='ocrx_word' id='word_1_154' title='bbox 842 2191 926 2231; x_wconf 91' lang='lat' dir='ltr'>servo</span> <span class='ocrx_word' id='word_1_155' title='bbox 958 2191 1012 2232; x_wconf 92' lang='lat' dir='ltr'>suo</span> <span class='ocrx_word' id='word_1_156' title='bbox 1044 2191 1075 2230; x_wconf 91' lang='lat' dir='ltr'>se</span> <span class='ocrx_word' id='word_1_157' title='bbox 1103 2173 1134 2230; x_wconf 87' lang='lat' dir='ltr'>in</span> 
     </span>
     <span class='ocr_line' id='line_1_18' title="bbox 74 2277 1132 2354; baseline -0.003 -16"><span class='ocrx_word' id='word_1_158' title='bbox 74 2279 204 2338; x_wconf 70' lang='lat' dir='ltr'>ervitium</span> <span class='ocrx_word' id='word_1_159' title='bbox 237 2279 366 2341; x_wconf 89' lang='lat' dir='ltr'>dedisse:</span> <span class='ocrx_word' id='word_1_160' title='bbox 400 2277 484 2336; x_wconf 93' lang='lat' dir='ltr'>cuius</span> <span class='ocrx_word' id='word_1_161' title='bbox 516 2277 660 2337; x_wconf 88' lang='lat' dir='ltr'>momenti</span> <span class='ocrx_word' id='word_1_162' title='bbox 688 2277 722 2336; x_wconf 91' lang='lat' dir='ltr'>in</span> <span class='ocrx_word' id='word_1_163' title='bbox 745 2277 844 2337; x_wconf 92' lang='lat' dir='ltr'>multis</span> <span class='ocrx_word' id='word_1_164' title='bbox 868 2278 907 2336; x_wconf 90' lang='lat' dir='ltr'>ad</span> <span class='ocrx_word' id='word_1_165' title='bbox 929 2279 1022 2337; x_wconf 89' lang='lat' dir='ltr'>solem</span> <span class='ocrx_word' id='word_1_166' title='bbox 1042 2277 1132 2354; x_wconf 88' lang='lat' dir='ltr'>perti·</span> 
     </span>
     <span class='ocr_line' id='line_1_19' title="bbox 74 2384 1134 2446; baseline -0.002 -1"><span class='ocrx_word' id='word_1_167' title='bbox 74 2387 190 2446; x_wconf 88' lang='lat' dir='ltr'>entibus</span> <span class='ocrx_word' id='word_1_168' title='bbox 213 2386 318 2444; x_wconf 85' lang='lat' dir='ltr'>fabulis</span> <span class='ocrx_word' id='word_1_169' title='bbox 341 2384 519 2444; x_wconf 87' lang='lat' dir='ltr'>occurrentis</span> <span class='ocrx_word' id='word_1_170' title='bbox 541 2384 715 2444; x_wconf 89' lang='lat' dir='ltr'>memoriam</span> <span class='ocrx_word' id='word_1_171' title='bbox 739 2395 853 2444; x_wconf 88' lang='lat' dir='ltr'>tantum</span> <span class='ocrx_word' id='word_1_172' title='bbox 876 2404 937 2446; x_wconf 92' lang='lat' dir='ltr'>non</span> <span class='ocrx_word' id='word_1_173' title='bbox 961 2405 1082 2444; x_wconf 87' lang='lat' dir='ltr'>ornnem</span> <span class='ocrx_word' id='word_1_174' title='bbox 1103 2385 1134 2443; x_wconf 90' lang='lat' dir='ltr'>in</span> 
     </span>
    </p>
   </div>
   <div class='ocr_carea' id='block_1_3' title="bbox 74 2489 1134 2568">
    <p class='ocr_par' dir='ltr' id='par_1_3' title="bbox 74 2489 1134 2568">
     <span class='ocr_line' id='line_1_20' title="bbox 74 2489 1134 2568; baseline -0.004 -16"><span class='ocrx_word' id='word_1_175' title='bbox 74 2506 153 2552; x_wconf 87' lang='lat' dir='ltr'>ostra</span> <span class='ocrx_word' id='word_1_176' title='bbox 175 2493 310 2568; x_wconf 88' lang='lat' dir='ltr'>Odyssea</span> <span class='ocrx_word' id='word_1_177' title='bbox 331 2491 504 2551; x_wconf 84' lang='lat' dir='ltr'>exstinctam</span> <span class='ocrx_word' id='word_1_178' title='bbox 528 2511 600 2550; x_wconf 87' lang='lat' dir='ltr'>esse.</span> <span class='ocrx_word' id='word_1_179' title='bbox 640 2489 717 2550; x_wconf 87' lang='lat' dir='ltr'>Item</span> <span class='ocrx_word' id='word_1_180' title='bbox 737 2491 846 2550; x_wconf 91' lang='lat' dir='ltr'>librum</span> <span class='ocrx_word' id='word_1_181' title='bbox 867 2502 880 2558; x_wconf 79' lang='grc' dir='ltr'><em>ε</em></span> <span class='ocrx_word' id='word_1_182' title='bbox 900 2492 939 2551; x_wconf 93' lang='lat' dir='ltr'>ad</span> <span class='ocrx_word' id='word_1_183' title='bbox 963 2504 988 2552; x_wconf 92' lang='lat' dir='ltr'><em>A</em></span> <span class='ocrx_word' id='word_1_184' title='bbox 1006 2492 1134 2550; x_wconf 85' lang='lat' dir='ltr'>releren-</span> 
     </span>
    </p>
   </div>
   <div class='ocr_carea' id='block_1_4' title="bbox 75 2587 1165 2686">
    <p class='ocr_par' dir='ltr' id='par_1_4' title="bbox 75 2587 1165 2686">
     <span class='ocr_line' id='line_1_21' title="bbox 75 2587 1165 2686; baseline 0 -29"><span class='ocrx_word' id='word_1_185' title='bbox 75 2619 124 2658; x_wconf 90' lang='lat' dir='ltr'>um</span> <span class='ocrx_word' id='word_1_186' title='bbox 147 2620 210 2659; x_wconf 88' lang='lat' dir='ltr'>esse</span> <span class='ocrx_word' id='word_1_187' title='bbox 229 2598 313 2677; x_wconf 80' lang='lat' dir='ltr'>dicit,</span> <span class='ocrx_word' id='word_1_188' title='bbox 334 2587 417 2674; x_wconf 84' lang='lat' dir='ltr'>quod</span> <span class='ocrx_word' id='word_1_189' title='bbox 432 2600 470 2658; x_wconf 90' lang='lat' dir='ltr'>ad</span> <span class='ocrx_word' id='word_1_190' title='bbox 485 2599 581 2676; x_wconf 88' lang='lat' dir='ltr'>ipsam</span> <span class='ocrx_word' id='word_1_191' title='bbox 597 2598 747 2658; x_wconf 84' lang='lat' dir='ltr'>materiam</span> <span class='ocrx_word' id='word_1_192' title='bbox 763 2599 899 2659; x_wconf 87' lang='lat' dir='ltr'>attineat:</span> <span class='ocrx_word' id='word_1_193' title='bbox 923 2600 1133 2658; x_wconf 81' lang='lat' dir='ltr'>nam&#39;formam</span> <span class='ocrx_word' id='word_1_194' title='bbox 1163 2673 1165 2686; x_wconf 40' lang='grc' dir='ltr'>Ι</span> 
     </span>
    </p>
   </div>
   <div class='ocr_carea' id='block_1_5' title="bbox 74 2706 1137 4287">
    <p class='ocr_par' dir='ltr' id='par_1_5' title="bbox 74 2706 1137 4287">
     <span class='ocr_line' id='line_1_22' title="bbox 74 2706 1134 2784; baseline 0 -18"><span class='ocrx_word' id='word_1_195' title='bbox 74 2709 92 2766; x_wconf 89' lang='lat' dir='ltr'>d</span> <span class='ocrx_word' id='word_1_196' title='bbox 120 2706 318 2766; x_wconf 87' lang='lat' dir='ltr'>narrationem</span> <span class='ocrx_word' id='word_1_197' title='bbox 350 2706 488 2766; x_wconf 88' lang='lat' dir='ltr'>carminis</span> <span class='ocrx_word' id='word_1_198' title='bbox 510 2713 536 2761; x_wconf 86' lang='lat' dir='ltr'><em>B</em></span> <span class='ocrx_word' id='word_1_199' title='bbox 559 2716 689 2784; x_wconf 89' lang='lat' dir='ltr'>aptatam</span> <span class='ocrx_word' id='word_1_200' title='bbox 713 2726 784 2766; x_wconf 90' lang='lat' dir='ltr'>esse.</span> <span class='ocrx_word' id='word_1_201' title='bbox 827 2707 911 2765; x_wconf 88' lang='lat' dir='ltr'>Hinc</span> <span class='ocrx_word' id='word_1_202' title='bbox 932 2707 992 2765; x_wconf 91' lang='lat' dir='ltr'>iarn</span> <span class='ocrx_word' id='word_1_203' title='bbox 1014 2706 1134 2766; x_wconf 87' lang='lat' dir='ltr'>ulterius</span> 
     </span>
     <span class='ocr_line' id='line_1_23' title="bbox 74 2813 1134 2891; baseline 0.002 -20"><span class='ocrx_word' id='word_1_204' title='bbox 74 2814 179 2872; x_wconf 81' lang='lat' dir='ltr'>rdicari</span> <span class='ocrx_word' id='word_1_205' title='bbox 202 2833 289 2890; x_wconf 86' lang='lat' dir='ltr'>posse</span> <span class='ocrx_word' id='word_1_206' title='bbox 310 2825 407 2890; x_wconf 89' lang='lat' dir='ltr'>partes</span> <span class='ocrx_word' id='word_1_207' title='bbox 426 2813 465 2872; x_wconf 88' lang='lat' dir='ltr'>ad</span> <span class='ocrx_word' id='word_1_208' title='bbox 487 2821 512 2869; x_wconf 91' lang='lat' dir='ltr'><em>A</em></span> <span class='ocrx_word' id='word_1_209' title='bbox 530 2813 712 2890; x_wconf 88' lang='lat' dir='ltr'>pertinentes</span> <span class='ocrx_word' id='word_1_210' title='bbox 731 2824 831 2891; x_wconf 81' lang='lat' dir='ltr'>negat3</span> <span class='ocrx_word' id='word_1_211' title='bbox 855 2833 956 2872; x_wconf 89' lang='lat' dir='ltr'>verum</span> <span class='ocrx_word' id='word_1_212' title='bbox 976 2833 1015 2872; x_wconf 92' lang='lat' dir='ltr'>ne</span> <span class='ocrx_word' id='word_1_213' title='bbox 1029 2813 1134 2874; x_wconf 89' lang='lat' dir='ltr'>ultima</span> 
     </span>
     <span class='ocr_line' id='line_1_24' title="bbox 75 2920 1133 2998; baseline 0 -19"><span class='ocrx_word' id='word_1_214' title='bbox 75 2921 176 2980; x_wconf 88' lang='lat' dir='ltr'>uidem</span> <span class='ocrx_word' id='word_1_215' title='bbox 209 2932 362 2996; x_wconf 86' lang='lat' dir='ltr'>comperta</span> <span class='ocrx_word' id='word_1_216' title='bbox 393 2940 457 2980; x_wconf 90' lang='lat' dir='ltr'>esse</span> <span class='ocrx_word' id='word_1_217' title='bbox 491 2921 551 2979; x_wconf 90' lang='lat' dir='ltr'>iam</span> <span class='ocrx_word' id='word_1_218' title='bbox 583 2921 726 2998; x_wconf 82' lang='lat' dir='ltr'>diximus3</span> <span class='ocrx_word' id='word_1_219' title='bbox 758 2939 876 2998; x_wconf 91' lang='lat' dir='ltr'>prorsus</span> <span class='ocrx_word' id='word_1_220' title='bbox 908 2939 978 2982; x_wconf 90' lang='lat' dir='ltr'>vero</span> <span class='ocrx_word' id='word_1_221' title='bbox 1011 2920 1133 2996; x_wconf 88' lang='lat' dir='ltr'>incerta,</span> 
     </span>
     <span class='ocr_line' id='line_1_25' title="bbox 75 3027 1133 3106; baseline -0.001 -19"><span class='ocrx_word' id='word_1_222' title='bbox 75 3047 131 3087; x_wconf 87' lang='lat' dir='ltr'>uae</span> <span class='ocrx_word' id='word_1_223' title='bbox 154 3028 264 3087; x_wconf 92' lang='lat' dir='ltr'>deinde</span> <span class='ocrx_word' id='word_1_224' title='bbox 286 3027 425 3087; x_wconf 90' lang='lat' dir='ltr'>adhibitis</span> <span class='ocrx_word' id='word_1_225' title='bbox 439 3027 561 3106; x_wconf 88' lang='lat' dir='ltr'>singulis</span> <span class='ocrx_word' id='word_1_226' title='bbox 577 3027 776 3087; x_wconf 75' lang='lat' dir='ltr'>mentionibus</span> <span class='ocrx_word' id='word_1_227' title='bbox 791 3027 829 3086; x_wconf 89' lang='lat' dir='ltr'>de</span> <span class='ocrx_word' id='word_1_228' title='bbox 843 3027 955 3102; x_wconf 91' lang='lat' dir='ltr'>reliqua</span> <span class='ocrx_word' id='word_1_229' title='bbox 965 3027 1133 3086; x_wconf 85' lang='lat' dir='ltr'>narratione</span> 
     </span>
     <span class='ocr_line' id='line_1_26' title="bbox 74 3134 1134 3213; baseline 0 -19"><span class='ocrx_word' id='word_1_230' title='bbox 74 3135 195 3194; x_wconf 91' lang='lat' dir='ltr'>arminis</span> <span class='ocrx_word' id='word_1_231' title='bbox 216 3145 241 3190; x_wconf 94' lang='lat' dir='ltr'><em>A</em></span> <span class='ocrx_word' id='word_1_232' title='bbox 261 3135 346 3213; x_wconf 76' lang='lat' dir='ltr'>dicit,</span> <span class='ocrx_word' id='word_1_233' title='bbox 369 3155 460 3212; x_wconf 90' lang='lat' dir='ltr'>quam</span> <span class='ocrx_word' id='word_1_234' title='bbox 482 3135 604 3194; x_wconf 88' lang='lat' dir='ltr'>omnino</span> <span class='ocrx_word' id='word_1_235' title='bbox 625 3154 687 3194; x_wconf 93' lang='lat' dir='ltr'>non</span> <span class='ocrx_word' id='word_1_236' title='bbox 709 3134 852 3210; x_wconf 91' lang='lat' dir='ltr'>receperit</span> <span class='ocrx_word' id='word_1_237' title='bbox 873 3147 975 3194; x_wconf 87' lang='lat' dir='ltr'>nostra</span> <span class='ocrx_word' id='word_1_238' title='bbox 989 3135 1134 3210; x_wconf 86' lang='lat' dir='ltr'>Odyssea.</span> 
     </span>
     <span class='ocr_line' id='line_1_27' title="bbox 74 3241 1134 3317; baseline -0.001 -16"><span class='ocrx_word' id='word_1_239' title='bbox 74 3255 159 3317; x_wconf 89' lang='lat' dir='ltr'>taque</span> <span class='ocrx_word' id='word_1_240' title='bbox 180 3243 212 3301; x_wconf 91' lang='lat' dir='ltr'>in</span> <span class='ocrx_word' id='word_1_241' title='bbox 233 3263 269 3302; x_wconf 93' lang='lat' dir='ltr'>eo</span> <span class='ocrx_word' id='word_1_242' title='bbox 291 3242 423 3301; x_wconf 88' lang='lat' dir='ltr'>carmine</span> <span class='ocrx_word' id='word_1_243' title='bbox 444 3252 592 3299; x_wconf 89' lang='lat' dir='ltr'>narratum</span> <span class='ocrx_word' id='word_1_244' title='bbox 614 3243 737 3300; x_wconf 89' lang='lat' dir='ltr'>affirmat</span> <span class='ocrx_word' id='word_1_245' title='bbox 758 3241 847 3300; x_wconf 88' lang='lat' dir='ltr'>fuisse</span> <span class='ocrx_word' id='word_1_246' title='bbox 868 3242 1001 3300; x_wconf 85' lang='lat' dir='ltr'>Ithacam</span> <span class='ocrx_word' id='word_1_247' title='bbox 1017 3241 1134 3300; x_wconf 88' lang='lat' dir='ltr'>venisse</span> 
     </span>
     <span class='ocr_line' id='line_1_28' title="bbox 74 3346 1136 3426; baseline -0.001 -19"><span class='ocrx_word' id='word_1_248' title='bbox 74 3350 171 3408; x_wconf 85' lang='lat' dir='ltr'>llixem</span> <span class='ocrx_word' id='word_1_249' title='bbox 206 3351 338 3409; x_wconf 89' lang='lat' dir='ltr'>Dodona</span> <span class='ocrx_word' id='word_1_250' title='bbox 372 3353 399 3423; x_wconf 68' lang='lat' dir='ltr'>(a</span> <span class='ocrx_word' id='word_1_251' title='bbox 431 3351 488 3426; x_wconf 84' lang='lat'>296</span> <span class='ocrx_word' id='word_1_252' title='bbox 519 3359 532 3414; x_wconf 80' lang='grc' dir='ltr'><em>ε</em></span> <span class='ocrx_word' id='word_1_253' title='bbox 562 3353 643 3423; x_wconf 80' lang='lat'><strong>327),</strong></span> <span class='ocrx_word' id='word_1_254' title='bbox 682 3347 734 3406; x_wconf 91' lang='lat' dir='ltr'>ubi</span> <span class='ocrx_word' id='word_1_255' title='bbox 768 3346 848 3407; x_wconf 90' lang='lat' dir='ltr'>Iovis</span> <span class='ocrx_word' id='word_1_256' title='bbox 869 3347 1038 3408; x_wconf 90' lang='lat' dir='ltr'>admonitus</span> <span class='ocrx_word' id='word_1_257' title='bbox 1058 3359 1136 3407; x_wconf 90' lang='lat' dir='ltr'>esset</span> 
     </span>
     <span class='ocr_line' id='line_1_29' title="bbox 76 3454 1135 3531; baseline 0.003 -18"><span class='ocrx_word' id='word_1_258' title='bbox 76 3457 177 3514; x_wconf 89' lang='lat' dir='ltr'>raculo</span> <span class='ocrx_word' id='word_1_259' title='bbox 209 3467 241 3514; x_wconf 90' lang='lat' dir='ltr'>ut</span> <span class='ocrx_word' id='word_1_260' title='bbox 272 3457 348 3513; x_wconf 90' lang='lat' dir='ltr'>clam</span> <span class='ocrx_word' id='word_1_261' title='bbox 381 3455 489 3514; x_wconf 89' lang='lat' dir='ltr'>rediret</span> <span class='ocrx_word' id='word_1_262' title='bbox 509 3454 540 3513; x_wconf 93' lang='lat' dir='ltr'>iu</span> <span class='ocrx_word' id='word_1_263' title='bbox 562 3455 704 3531; x_wconf 81' lang='lat' dir='ltr'>patriam3</span> <span class='ocrx_word' id='word_1_264' title='bbox 739 3455 820 3514; x_wconf 89' lang='lat' dir='ltr'>cuius</span> <span class='ocrx_word' id='word_1_265' title='bbox 842 3457 880 3516; x_wconf 92' lang='lat' dir='ltr'>de</span> <span class='ocrx_word' id='word_1_266' title='bbox 905 3457 1053 3516; x_wconf 87' lang='lat' dir='ltr'>erroribus</span> <span class='ocrx_word' id='word_1_267' title='bbox 1074 3477 1135 3517; x_wconf 90' lang='lat' dir='ltr'>nou</span> 
     </span>
     <span class='ocr_line' id='line_1_30' title="bbox 74 3544 1134 3648; baseline 0.002 -26"><span class='ocrx_word' id='word_1_268' title='bbox 74 3586 95 3624; x_wconf 88' lang='lat' dir='ltr'>a</span> <span class='ocrx_word' id='word_1_269' title='bbox 116 3580 147 3626; x_wconf 89' lang='lat' dir='ltr'>ut</span> <span class='ocrx_word' id='word_1_270' title='bbox 168 3568 197 3625; x_wconf 94' lang='lat' dir='ltr'>in</span> <span class='ocrx_word' id='word_1_271' title='bbox 221 3569 261 3630; x_wconf 90' lang='lat' dir='ltr'><em>N</em></span> <span class='ocrx_word' id='word_1_272' title='bbox 260 3573 342 3648; x_wconf 85' lang='grc' dir='ltr'><em>ὸστῳ</em></span> <span class='ocrx_word' id='word_1_273' title='bbox 365 3563 532 3639; x_wconf 88' lang='lat' dir='ltr'>expositum</span> <span class='ocrx_word' id='word_1_274' title='bbox 548 3562 591 3621; x_wconf 91' lang='lat' dir='ltr'>ibi</span> <span class='ocrx_word' id='word_1_275' title='bbox 607 3561 704 3630; x_wconf 83' lang='lat' dir='ltr'>luisse,</span> <span class='ocrx_word' id='word_1_276' title='bbox 725 3563 785 3622; x_wconf 91' lang='lat' dir='ltr'>hoc</span> <span class='ocrx_word' id='word_1_277' title='bbox 800 3544 955 3623; x_wconf 76' lang='lat' dir='ltr'>contendit</span> <span class='ocrx_word' id='word_1_278' title='bbox 965 3565 1134 3626; x_wconf 87' lang='lat' dir='ltr'>testimonio</span> 
     </span>
     <span class='ocr_line' id='line_1_31' title="bbox 74 3669 1135 3751; baseline 0.001 -20"><span class='ocrx_word' id='word_1_279' title='bbox 74 3672 140 3748; x_wconf 90' lang='lat' dir='ltr'>uod</span> <span class='ocrx_word' id='word_1_280' title='bbox 172 3701 187 3730; x_wconf 81' lang='grc' dir='ltr'><strong><em>τ</em></strong></span> <span class='ocrx_word' id='word_1_281' title='bbox 220 3677 277 3750; x_wconf 85' lang='lat'>269</span> <span class='ocrx_word' id='word_1_282' title='bbox 312 3682 373 3731; x_wconf 88' lang='lat' dir='ltr'>cett</span> <span class='ocrx_word' id='word_1_283' title='bbox 414 3671 582 3748; x_wconf 89' lang='lat' dir='ltr'>discrepant</span> <span class='ocrx_word' id='word_1_284' title='bbox 617 3689 634 3728; x_wconf 94' lang='lat' dir='ltr'>a</span> <span class='ocrx_word' id='word_1_285' title='bbox 665 3669 833 3730; x_wconf 84' lang='lat' dir='ltr'>narratione</span> <span class='ocrx_word' id='word_1_286' title='bbox 856 3671 962 3748; x_wconf 91' lang='lat' dir='ltr'>prioris</span> <span class='ocrx_word' id='word_1_287' title='bbox 983 3672 1135 3751; x_wconf 88' lang='lat' dir='ltr'>Odysseae</span> 
     </span>
     <span class='ocr_line' id='line_1_32' title="bbox 77 3776 1136 3856; baseline 0.001 -19"><span class='ocrx_word' id='word_1_288' title='bbox 77 3781 146 3840; x_wconf 85' lang='lat' dir='ltr'>artis</span> <span class='ocrx_word' id='word_1_289' title='bbox 183 3792 212 3839; x_wconf 94' lang='lat' dir='ltr'>et</span> <span class='ocrx_word' id='word_1_290' title='bbox 249 3808 266 3837; x_wconf 77' lang='grc' dir='ltr'><strong><em>τ</em></strong></span> <span class='ocrx_word' id='word_1_291' title='bbox 300 3801 358 3853; x_wconf 87' lang='lat'>204</span> <span class='ocrx_word' id='word_1_292' title='bbox 391 3779 555 3856; x_wconf 87' lang='lat' dir='ltr'>Eurybates</span> <span class='ocrx_word' id='word_1_293' title='bbox 591 3776 762 3836; x_wconf 89' lang='lat' dir='ltr'>nominatur</span> <span class='ocrx_word' id='word_1_294' title='bbox 802 3790 942 3856; x_wconf 88' lang='lat' dir='ltr'>tanquam</span> <span class='ocrx_word' id='word_1_295' title='bbox 978 3779 1136 3838; x_wconf 90' lang='lat' dir='ltr'>fidissimus</span> 
     </span>
     <span class='ocr_line' id='line_1_33' title="bbox 74 3885 1137 3965; baseline 0.001 -21"><span class='ocrx_word' id='word_1_296' title='bbox 74 3887 150 3945; x_wconf 88' lang='lat' dir='ltr'>llixis</span> <span class='ocrx_word' id='word_1_297' title='bbox 172 3908 282 3965; x_wconf 77' lang='lat' dir='ltr'>comes,</span> <span class='ocrx_word' id='word_1_298' title='bbox 310 3907 399 3964; x_wconf 87' lang='lat' dir='ltr'>quern</span> <span class='ocrx_word' id='word_1_299' title='bbox 421 3899 519 3946; x_wconf 89' lang='lat' dir='ltr'>noster</span> <span class='ocrx_word' id='word_1_300' title='bbox 540 3891 671 3962; x_wconf 76' lang='grc' dir='ltr'><em>Νόστος</em></span> <span class='ocrx_word' id='word_1_301' title='bbox 694 3905 756 3944; x_wconf 90' lang='lat' dir='ltr'>non</span> <span class='ocrx_word' id='word_1_302' title='bbox 777 3887 869 3945; x_wconf 89' lang='lat' dir='ltr'>novit.</span> <span class='ocrx_word' id='word_1_303' title='bbox 901 3885 1028 3945; x_wconf 91' lang='lat' dir='ltr'>Insidias</span> <span class='ocrx_word' id='word_1_304' title='bbox 1050 3887 1137 3945; x_wconf 90' lang='lat' dir='ltr'>Tele-</span> 
     </span>
     <span class='ocr_line' id='line_1_34' title="bbox 74 3993 1136 4076; baseline 0.001 -24"><span class='ocrx_word' id='word_1_305' title='bbox 74 3997 164 4055; x_wconf 78' lang='lat' dir='ltr'>racho</span> <span class='ocrx_word' id='word_1_306' title='bbox 186 4006 310 4054; x_wconf 90' lang='lat' dir='ltr'>structas</span> <span class='ocrx_word' id='word_1_307' title='bbox 331 3994 420 4054; x_wconf 92' lang='lat' dir='ltr'>etiam</span> <span class='ocrx_word' id='word_1_308' title='bbox 435 4003 459 4049; x_wconf 88' lang='lat' dir='ltr'><em>A</em></span> <span class='ocrx_word' id='word_1_309' title='bbox 472 3994 610 4054; x_wconf 88' lang='lat' dir='ltr'>habuisse</span> <span class='ocrx_word' id='word_1_310' title='bbox 625 3994 652 4076; x_wconf 80' lang='grc' dir='ltr'>(ρ</span> <span class='ocrx_word' id='word_1_311' title='bbox 674 4013 741 4071; x_wconf 86' lang='lat'>251,</span> <span class='ocrx_word' id='word_1_312' title='bbox 766 4012 822 4074; x_wconf 87' lang='lat'>595</span> <span class='ocrx_word' id='word_1_313' title='bbox 846 4021 863 4068; x_wconf 79' lang='grc' dir='ltr'><strong><em>χ</em></strong></span> <span class='ocrx_word' id='word_1_314' title='bbox 884 3996 946 4072; x_wconf 80' lang='lat'>51),</span> <span class='ocrx_word' id='word_1_315' title='bbox 966 3993 1018 4069; x_wconf 92' lang='lat' dir='ltr'>qui</span> <span class='ocrx_word' id='word_1_316' title='bbox 1035 4003 1136 4053; x_wconf 87' lang='lat' dir='ltr'>tamen</span> 
     </span>
     <span class='ocr_line' id='line_1_35' title="bbox 74 4101 1137 4180; baseline 0.002 -22"><span class='ocrx_word' id='word_1_317' title='bbox 74 4121 89 4158; x_wconf 92' lang='lat' dir='ltr'>u</span> <span class='ocrx_word' id='word_1_318' title='bbox 120 4122 156 4163; x_wconf 90' lang='lat' dir='ltr'>eo</span> <span class='ocrx_word' id='word_1_319' title='bbox 188 4102 317 4162; x_wconf 86' lang='lat' dir='ltr'>carmine</span> <span class='ocrx_word' id='word_1_320' title='bbox 348 4121 409 4162; x_wconf 90' lang='lat' dir='ltr'>non</span> <span class='ocrx_word' id='word_1_321' title='bbox 437 4112 520 4180; x_wconf 84' lang='lat' dir='ltr'>gerat</span> <span class='ocrx_word' id='word_1_322' title='bbox 542 4101 642 4179; x_wconf 87' lang='lat' dir='ltr'>magni</span> <span class='ocrx_word' id='word_1_323' title='bbox 665 4102 808 4161; x_wconf 91' lang='lat' dir='ltr'>momenti</span> <span class='ocrx_word' id='word_1_324' title='bbox 829 4113 935 4179; x_wconf 89' lang='lat' dir='ltr'>partes.</span> <span class='ocrx_word' id='word_1_325' title='bbox 978 4103 1024 4160; x_wconf 89' lang='lat' dir='ltr'>De</span> <span class='ocrx_word' id='word_1_326' title='bbox 1045 4101 1137 4170; x_wconf 84' lang='lat' dir='ltr'>caede</span> 
     </span>
     <span class='ocr_line' id='line_1_36' title="bbox 74 4208 1137 4287; baseline 0.002 -23"><span class='ocrx_word' id='word_1_327' title='bbox 74 4227 227 4284; x_wconf 84' lang='lat' dir='ltr'>uocorum,</span> <span class='ocrx_word' id='word_1_328' title='bbox 259 4209 288 4269; x_wconf 93' lang='lat' dir='ltr'>in</span> <span class='ocrx_word' id='word_1_329' title='bbox 321 4220 416 4271; x_wconf 90' lang='lat' dir='ltr'>morte</span> <span class='ocrx_word' id='word_1_330' title='bbox 447 4209 553 4286; x_wconf 86' lang='lat' dir='ltr'>Agelai</span> <span class='ocrx_word' id='word_1_331' title='bbox 575 4209 614 4268; x_wconf 95' lang='lat' dir='ltr'>ad</span> <span class='ocrx_word' id='word_1_332' title='bbox 638 4208 786 4287; x_wconf 81' lang='lat' dir='ltr'>fastigium</span> <span class='ocrx_word' id='word_1_333' title='bbox 809 4208 963 4285; x_wconf 87' lang='lat' dir='ltr'>quoddam</span> <span class='ocrx_word' id='word_1_334' title='bbox 984 4208 1137 4284; x_wconf 87' lang='lat' dir='ltr'>perducta,</span> 
     </span>
    </p>
   </div>
   <div class='ocr_carea' id='block_1_6' title="bbox 0 0 1452 4880">
    <p class='ocr_par' dir='ltr' id='par_1_6' title="bbox 0 0 1452 4880">
     <span class='ocr_line' id='line_1_37' title="bbox 0 0 1452 4880; baseline 0 0"><span class='ocrx_word' id='word_1_335' title='bbox 0 0 1452 4880; x_wconf 95' lang='lat' dir='ltr'> </span> 
     </span>
    </p>
   </div>
  </div>
 </body>
</html>
