2884 4880
580 441 617 501 97

89 606 249 666 mutationem
271 624 332 666 non
354 583 458 664 adesse
478 603 510 662 in
530 602 717 680 narratione3
740 623 881 681 magnum
896 602 985 681 igitur
1000 624 1135 664 momen·

87 725 147 786 tum,
174 730 223 788 quo
248 713 323 771 liber
340 738 357 768 τ
376 729 444 770 cnm
467 709 659 788 sequentibus
681 707 878 768 communiter
901 721 989 778 caret.
1011 709 1136 787 impedit

84 819 216 896 quominus
240 845 313 887 φ-ιι
345 820 384 878 ab
408 818 460 879 illo
483 817 561 877 libro
583 815 769 892 divellamus‚
791 826 841 874 aut
859 842 876 872 τ
895 833 963 873 cum
987 815 1136 892 prioribus

82 926 278 1004 coniungamus.
335 925 425 1000 Quod
460 944 478 982 a
509 923 693 982 diasceuasta
724 920 755 979 in
787 920 862 981 libro
892 948 908 978 τ
938 921 1135 982 mutationem

80 1034 174 1091 factam
191 1031 258 1090 dixit
274 1031 478 1103 Wilamowitz‚
495 1064 531 1074 —
544 1026 629 1105 (olim
641 1027 721 1088 enim
731 1027 852 1087 Ulixem
863 1027 909 1086 ibi·
920 1029 958 1087 ab
971 1046 1062 1089 uxore
1074 1049 1136 1090 non

78 1159 95 1196 a
113 1138 210 1198 nutrice
222 1137 352 1216 agnitum
367 1141 441 1211 esse)
457 1172 497 1180 -
511 1155 574 1218 non
591 1133 716 1194 attendit
727 1136 889 1212 Eurycleae
901 1154 1022 1210 operam
1034 1155 1136 1196 neces-

76 1243 145 1304 sario
164 1243 354 1304 adhibendam
381 1243 470 1302 fuisse
489 1241 691 1318 praesentibus
707 1241 822 1300 ancillis
840 1242 882 1315 1)‚·
905 1240 1013 1318 quihus
1032 1244 1070 1301 ab
1085 1244 1136 1301 illa

76 1350 194 1410 demissis
221 1360 332 1409 tantum
364 1349 429 1409 sine
451 1349 585 1425 periculo
607 1349 712 1408 Ulixes
733 1348 818 1410 uxori
840 1368 871 1408 se
892 1349 1005 1425 aperire
1027 1350 1135 1426 potuit.

73 1460 213 1516 Postremo
234 1456 400 1516 observavit
420 1456 513 1514 Seeck
534 1453 733 1515 narrationem
753 1455 897 1515 librorum
912 1481 942 1532 φ,
957 1483 975 1531 χ
991 1455 1134 1535 coniungi

70 1584 151 1642 posse
161 1583 223 1622 cum
233 1563 331 1640 priore
349 1561 430 1638 parte
444 1561 510 1621 libri
521 1581 554 1640 ²3
569 1581 638 1620 nam
653 1563 691 1620 ab
706 1561 819 1638 origine
834 1572 982 1622 certarnen
998 1582 1084 1622 arcus
1098 1598 1131 1610 -

68 1687 234 1746 quamquam
265 1669 352 1728 initio
380 1669 484 1737 librio
515 1667 650 1727 Minerva
679 1667 839 1746 instigante
861 1669 893 1727 id
914 1669 1041 1746 proponi
1063 1669 1135 1729 dici·

66 1789 111 1836 tur
140 1812 177 1821 -
206 1777 307 1836 dolum
338 1775 413 1835 inter
442 1774 560 1836 Ulixem
582 1786 612 1834 et
635 1775 818 1852 Penelopam
843 1778 1042 1852 compositum
1070 1797 1134 1836 esse

61 1885 100 1943 ad
123 1883 299 1943 occidendos
320 1902 439 1960 procos.
474 1883 509 1942 Id
531 1881 620 1942 etiam
644 1881 803 1960 significari
825 1886 863 1942 ab
881 1883 1085 1961 Amphinomo
1099 1884 1131 1942 in

58 1993 151 2049 altera
171 1995 283 2074 μωρίᾳ
305 1989 442 2049 referenti
465 1989 503 2048 de
527 1990 620 2049 caede
643 2007 800 2066 procorum
824 1994 854 2063 (o
877 1996 962 2066 107):

190 2137 290 2218 αὐτὰρ
313 2139 330 2200 ὃ
355 2141 395 2216 ἣν
419 2135 541 2221 ἄλοχον
567 2135 835 2222 πολυκερδείῃσιν
861 2143 990 2218 ἄνωγεν

190 2245 283 2320 τόξον
307 2251 516 2327 μνηστήρεσσι
542 2245 643 2326 θέμεν
668 2243 784 2310 πολιὸν
810 2271 843 2308 τε
863 2247 1016 2330 σίδηρον.
1154 2227 1162 2238 ¹

94 2400 163 2455 Hac
188 2417 255 2456 cum
278 2397 421 2456 sententia
443 2396 628 2471 narrationis
657 2399 811 2474 Penelopa
832 2397 990 2458 adiuvante
1012 2400 1135 2459 caedem

46 2522 214 2582 procorum
236 2506 345 2564 saetam
367 2524 440 2573 esse,
462 2505 501 2564 ad
524 2522 612 2582 quam
628 2524 672 2576 ea,
687 2523 765 2582 quae
780 2505 810 2563 in
826 2487 924 2581 priore
939 2506 1006 2566 libri
1024 2532 1041 2562 τ
1053 2518 1135 2584 parte

46 2613 141 2671 relata
162 2621 239 2679 sunt,
271 2611 437 2671 necessario
459 2622 577 2688 poetam
601 2611 761 2688 duxissent,
782 2612 806 2671 si
827 2611 956 2674 narratio
979 2634 1040 2674 uno
1062 2635 1135 2675 con·

46 2719 113 2778 silio
147 2718 343 2794 processisset
374 2739 432 2778 nec
454 2720 529 2778 duae
551 2718 686 2780 diversae
709 2719 903 2795 expositionis
925 2722 1039 2782 formae
1061 2743 1134 2783 con·

48 2825 222 2902 ungendae
243 2826 366 2884 fuissent
394 2860 432 2870 -
462 2843 530 2884 cum
554 2824 604 2884 illa
625 2825 713 2903 igitur
735 2828 886 2888 sententia
905 2831 1054 2904 quadrant
1075 2830 1135 2891 loci

46 2932 187 2993 nonnulli
221 2931 253 2990 in
284 2931 361 2990 libro
390 2958 418 2996 φ.
475 2933 565 2990 Velut
598 2935 687 2991 verba
718 2934 895 2993 Telemachi
921 2963 938 3002 φ
973 2954 1133 3014 103-105

46 3037 74 3107 ὦ
104 3050 230 3120 πόποι,
259 3041 276 3124 ᾖ
299 3042 388 3124 μάλα
411 3069 447 3124 με
471 3041 552 3116 Ζεύς
578 3049 711 3124 ἄφρονα
735 3052 813 3124 θῆκε
832 3047 992 3128 Κρονίων
1013 3051 1133 3130 Μήτηρ
1169 3123 1172 3127 ,

46 3153 96 3218 ιέν
132 3177 191 3234 μοι
228 3151 304 3234 φησὶ
329 3150 494 3235 φίλη....
523 3148 645 3234 ”Atto
669 3148 723 3232 ἅμ’
748 3150 989 3235 ἕψεσθαι....
1013 3154 1132 3234 Αὐτὰρ

46 3259 100 3336 νὼ
139 3257 252 3338 γελόω
275 3262 328 3322 καὶ
354 3258 512 3341 τέρπομαι
535 3264 655 3341 ἄφρονι
683 3259 793 3342 θυμῷ)
821 3265 883 3314 tum
915 3257 1034 3315 demum
1057 3268 1134 3316 recte

46 3364 273 3439 itelleguntur,
304 3362 327 3420 si
353 3363 391 3421 de
414 3363 486 3423 dolo
508 3383 525 3421 a
547 3363 718 3438 parentibus
740 3365 912 3441 excogitato
935 3363 1027 3422 tilium
1048 3364 1136 3423 edoc-

46 3490 95 3530 um
123 3490 197 3530 esse
222 3482 375 3548 putamus3
399 3470 510 3545 alioqui
533 3447 610 3528 enim
634 3469 774 3529 insaniret
795 3471 818 3530 si
840 3473 950 3529 laetum
969 3491 1000 3530 se
1022 3471 1136 3531 diceret

46 3598 116 3638 ovo
156 3577 269 3636 matris
295 3576 432 3649 consilio,
455 3596 516 3655 quo
539 3579 666 3653 probato
687 3597 722 3636 ea
744 3596 820 3656 quae
841 3579 871 3639 in
896 3581 972 3640 libro
993 3603 1015 3636 ιι
1032 3601 1133 3642 secum

46 3685 141 3743 'lixes
167 3683 371 3744 constituerat
393 3683 471 3742 irrita
493 3686 588 3742 futura
609 3704 670 3744 non
694 3697 809 3762 poterat
833 3707 895 3746 non
917 3687 1025 3747 videre.
1050 3689 1135 3748 Idem

46 3792 107 3850 nlet
146 3791 194 3850 de
230 3789 306 3850 locis
335 3816 353 3855 φ
384 3811 526 3868 311—19
559 3802 590 3850 et
617 3812 756 3869 330—42
780 3793 832 3853 ubi
854 3797 1004 3871 Penelope
1026 3792 1135 3870 hospiti

47 3917 135 3956 cum
176 3897 264 3956 tradi
295 3895 388 3954 iubet.
444 3898 519 3956 Sunt
541 3898 624 3980 haec
656 3899 758 3956 omnia
788 3898 903 3960 indicio
936 3899 1135 3960 narrationem

46 4003 86 4062 nri
122 4030 144 4070 φ
182 4023 206 4062 a
233 3983 303 4062 libri
321 4027 337 4057 τ
356 4002 525 4062 narratione
549 4004 746 4080 separandam
767 4023 828 4064 uon
851 4024 924 4067 esse.
966 4008 1032 4064 Nee
1053 4024 1136 4088 veru,

46 4248 76 4316 r)
101 4268 124 4298 τ
153 4262 225 4308 121,
249 4259 306 4314 317,
326 4258 384 4313 372.
