<?xml version="1.0" encoding="UTF-8"?>
<!DOCTYPE html PUBLIC "-//W3C//DTD XHTML 1.0 Transitional//EN"
    "http://www.w3.org/TR/xhtml1/DTD/xhtml1-transitional.dtd">
<html xmlns="http://www.w3.org/1999/xhtml" xml:lang="en" lang="en">
 <head>
  <title>
</title>
<meta http-equiv="Content-Type" content="text/html;charset=utf-8" />
  <meta name='ocr-system' content='tesseract 3.04.00' />
  <meta name='ocr-capabilities' content='ocr_page ocr_carea ocr_par ocr_line ocrx_word'/>
</head>
<body>
  <div class='ocr_page' id='page_1' title='image "./praecipuaerecen00fraegoog_0034.png"; bbox 0 0 2928 4886; ppageno 0'>
   <div class='ocr_carea' id='block_1_1' title="bbox 661 429 697 485">
    <p class='ocr_par' dir='ltr' id='par_1_1' title="bbox 661 429 697 485">
     <span class='ocr_line' id='line_1_1' title="bbox 661 429 697 485; baseline 0 0"><span class='ocrx_word' id='word_1_1' title='bbox 661 429 697 485; x_wconf 83' lang='lat'>19</span> 
     </span>
    </p>
   </div>
   <div class='ocr_carea' id='block_1_2' title="bbox 62 587 1226 2809">
    <p class='ocr_par' dir='ltr' id='par_1_2' title="bbox 62 587 1226 2809">
     <span class='ocr_line' id='line_1_2' title="bbox 136 587 1215 669; baseline -0.004 -14"><span class='ocrx_word' id='word_1_2' title='bbox 136 593 232 655; x_wconf 83' lang='lat' dir='ltr'><strong>Ulixis</strong></span> <span class='ocrx_word' id='word_1_3' title='bbox 246 594 285 653; x_wconf 90' lang='lat' dir='ltr'>ab</span> <span class='ocrx_word' id='word_1_4' title='bbox 300 591 436 669; x_wconf 89' lang='lat' dir='ltr'>Euryclia</span> <span class='ocrx_word' id='word_1_5' title='bbox 450 589 621 668; x_wconf 87' lang='lat' dir='ltr'>priusquam</span> <span class='ocrx_word' id='word_1_6' title='bbox 637 591 819 665; x_wconf 91' lang='lat' dir='ltr'>Penelopem</span> <span class='ocrx_word' id='word_1_7' title='bbox 835 587 1051 666; x_wconf 84' lang='lat' dir='ltr'>expergefaciat</span> <span class='ocrx_word' id='word_1_8' title='bbox 1066 590 1215 651; x_wconf 82' lang='lat' dir='ltr'>adductae</span> 
     </span>
     <span class='ocr_line' id='line_1_3' title="bbox 137 695 1220 779; baseline -0.006 -17"><span class='ocrx_word' id='word_1_9' title='bbox 137 713 296 779; x_wconf 84' lang='lat' dir='ltr'>postquam</span> <span class='ocrx_word' id='word_1_10' title='bbox 317 719 429 777; x_wconf 89' lang='lat' dir='ltr'>poenas</span> <span class='ocrx_word' id='word_1_11' title='bbox 454 698 611 764; x_wconf 83' lang='lat' dir='ltr'>dederunt,</span> <span class='ocrx_word' id='word_1_12' title='bbox 634 699 762 757; x_wconf 91' lang='lat' dir='ltr'>victores</span> <span class='ocrx_word' id='word_1_13' title='bbox 786 697 947 755; x_wconf 90' lang='lat' dir='ltr'>abluuntur</span> <span class='ocrx_word' id='word_1_14' title='bbox 968 707 1095 772; x_wconf 90' lang='lat' dir='ltr'>excepto</span> <span class='ocrx_word' id='word_1_15' title='bbox 1117 695 1220 769; x_wconf 88' lang='lat' dir='ltr'>Ulixe;</span> 
     </span>
     <span class='ocr_line' id='line_1_4' title="bbox 134 802 1218 886; baseline -0.006 -17"><span class='ocrx_word' id='word_1_16' title='bbox 134 811 189 886; x_wconf 86' lang='lat' dir='ltr'>qui</span> <span class='ocrx_word' id='word_1_17' title='bbox 197 808 367 868; x_wconf 80' lang='lat' dir='ltr'>admonenti</span> <span class='ocrx_word' id='word_1_18' title='bbox 378 808 540 870; x_wconf 82' lang='lat' dir='ltr'>Eurucliae</span> <span class='ocrx_word' id='word_1_19' title='bbox 551 816 585 864; x_wconf 90' lang='lat' dir='ltr'>ut</span> <span class='ocrx_word' id='word_1_20' title='bbox 598 824 691 864; x_wconf 84' lang='lat' dir='ltr'>novas</span> <span class='ocrx_word' id='word_1_21' title='bbox 706 804 812 862; x_wconf 92' lang='lat' dir='ltr'>induat</span> <span class='ocrx_word' id='word_1_22' title='bbox 825 815 919 862; x_wconf 88' lang='lat' dir='ltr'>vestes</span> <span class='ocrx_word' id='word_1_23' title='bbox 934 802 1058 881; x_wconf 89' lang='lat' dir='ltr'>imperat</span> <span class='ocrx_word' id='word_1_24' title='bbox 1071 814 1103 862; x_wconf 90' lang='lat' dir='ltr'>ut</span> <span class='ocrx_word' id='word_1_25' title='bbox 1116 802 1218 882; x_wconf 87' lang='lat' dir='ltr'>ignem</span> 
     </span>
     <span class='ocr_line' id='line_1_5' title="bbox 136 910 1219 992; baseline -0.003 -18"><span class='ocrx_word' id='word_1_26' title='bbox 136 915 267 992; x_wconf 91' lang='lat' dir='ltr'>primum</span> <span class='ocrx_word' id='word_1_27' title='bbox 288 914 390 973; x_wconf 84' lang='lat' dir='ltr'>afferat</span> <span class='ocrx_word' id='word_1_28' title='bbox 410 914 652 989; x_wconf 88' lang='lat' dir='ltr'>Penelopemque</span> <span class='ocrx_word' id='word_1_29' title='bbox 664 921 798 970; x_wconf 88' lang='lat' dir='ltr'>arcessat.</span> <span class='ocrx_word' id='word_1_30' title='bbox 814 910 970 970; x_wconf 87' lang='lat' dir='ltr'>Purificata</span> <span class='ocrx_word' id='word_1_31' title='bbox 986 911 1079 970; x_wconf 93' lang='lat' dir='ltr'>domo</span> <span class='ocrx_word' id='word_1_32' title='bbox 1092 910 1219 971; x_wconf 85' lang='lat' dir='ltr'>ancillae</span> 
     </span>
     <span class='ocr_line' id='line_1_6' title="bbox 136 1018 1219 1095; baseline -0.002 -15"><span class='ocrx_word' id='word_1_33' title='bbox 136 1023 240 1081; x_wconf 88' lang='lat' dir='ltr'>fideles</span> <span class='ocrx_word' id='word_1_34' title='bbox 278 1023 436 1080; x_wconf 88' lang='lat' dir='ltr'>salutatum</span> <span class='ocrx_word' id='word_1_35' title='bbox 476 1018 600 1078; x_wconf 85' lang='lat' dir='ltr'>veniunt</span> <span class='ocrx_word' id='word_1_36' title='bbox 634 1019 756 1079; x_wconf 86' lang='lat' dir='ltr'>Ulixem</span> <span class='ocrx_word' id='word_1_37' title='bbox 786 1037 904 1095; x_wconf 88' lang='lat' dir='ltr'>eumque</span> <span class='ocrx_word' id='word_1_38' title='bbox 937 1022 1118 1078; x_wconf 82' lang='lat' dir='ltr'>osculantur.</span> <span class='ocrx_word' id='word_1_39' title='bbox 1160 1018 1219 1079; x_wconf 90' lang='lat' dir='ltr'>Sed</span> 
     </span>
     <span class='ocr_line' id='line_1_7' title="bbox 137 1123 1220 1205; baseline -0.003 -18"><span class='ocrx_word' id='word_1_40' title='bbox 137 1130 309 1204; x_wconf 90' lang='lat' dir='ltr'>Penelopen</span> <span class='ocrx_word' id='word_1_41' title='bbox 331 1127 530 1205; x_wconf 84' lang='lat' dir='ltr'>expergefacit</span> <span class='ocrx_word' id='word_1_42' title='bbox 551 1125 690 1204; x_wconf 91' lang='lat' dir='ltr'>Euryclia</span> <span class='ocrx_word' id='word_1_43' title='bbox 712 1125 854 1184; x_wconf 89' lang='lat' dir='ltr'>nuntians</span> <span class='ocrx_word' id='word_1_44' title='bbox 875 1124 996 1185; x_wconf 81' lang='lat' dir='ltr'>Ulixem</span> <span class='ocrx_word' id='word_1_45' title='bbox 1019 1123 1134 1184; x_wconf 91' lang='lat' dir='ltr'>venisse</span> <span class='ocrx_word' id='word_1_46' title='bbox 1152 1144 1220 1201; x_wconf 89' lang='lat' dir='ltr'>pro·</span> 
     </span>
     <span class='ocr_line' id='line_1_8' title="bbox 138 1233 1218 1312; baseline -0.005 -17"><span class='ocrx_word' id='word_1_47' title='bbox 138 1253 249 1312; x_wconf 93' lang='lat' dir='ltr'>cosque</span> <span class='ocrx_word' id='word_1_48' title='bbox 282 1235 443 1295; x_wconf 89' lang='lat' dir='ltr'>occidisse:</span> <span class='ocrx_word' id='word_1_49' title='bbox 476 1236 562 1293; x_wconf 87' lang='lat' dir='ltr'>huius</span> <span class='ocrx_word' id='word_1_50' title='bbox 583 1235 711 1293; x_wconf 86' lang='lat' dir='ltr'>reditum</span> <span class='ocrx_word' id='word_1_51' title='bbox 737 1233 941 1292; x_wconf 88' lang='lat' dir='ltr'>Telemachum</span> <span class='ocrx_word' id='word_1_52' title='bbox 962 1253 1049 1290; x_wconf 92' lang='lat' dir='ltr'>unum</span> <span class='ocrx_word' id='word_1_53' title='bbox 1071 1234 1218 1308; x_wconf 85' lang='lat' dir='ltr'>cognitum</span> 
     </span>
     <span class='ocr_line' id='line_1_9' title="bbox 138 1340 1220 1418; baseline -0.005 -17"><span class='ocrx_word' id='word_1_54' title='bbox 138 1344 282 1401; x_wconf 87' lang='lat' dir='ltr'>habuisse.</span> <span class='ocrx_word' id='word_1_55' title='bbox 325 1341 455 1418; x_wconf 84' lang='lat' dir='ltr'>Roganti</span> <span class='ocrx_word' id='word_1_56' title='bbox 489 1351 587 1401; x_wconf 90' lang='lat' dir='ltr'>autem</span> <span class='ocrx_word' id='word_1_57' title='bbox 620 1361 679 1418; x_wconf 86' lang='lat' dir='ltr'>qua</span> <span class='ocrx_word' id='word_1_58' title='bbox 710 1342 828 1399; x_wconf 89' lang='lat' dir='ltr'>ratione</span> <span class='ocrx_word' id='word_1_59' title='bbox 857 1359 933 1398; x_wconf 93' lang='lat' dir='ltr'>unus</span> <span class='ocrx_word' id='word_1_60' title='bbox 953 1340 1037 1397; x_wconf 88' lang='lat' dir='ltr'>homo</span> <span class='ocrx_word' id='word_1_61' title='bbox 1058 1349 1104 1397; x_wconf 90' lang='lat' dir='ltr'>tot</span> <span class='ocrx_word' id='word_1_62' title='bbox 1124 1340 1220 1397; x_wconf 88' lang='lat' dir='ltr'>hostes</span> 
     </span>
     <span class='ocr_line' id='line_1_10' title="bbox 138 1444 1217 1525; baseline -0.002 -20"><span class='ocrx_word' id='word_1_63' title='bbox 138 1447 338 1525; x_wconf 74' lang='lat' dir='ltr'>interfecerit,</span> <span class='ocrx_word' id='word_1_64' title='bbox 368 1449 428 1507; x_wconf 93' lang='lat' dir='ltr'>hoc</span> <span class='ocrx_word' id='word_1_65' title='bbox 459 1466 490 1506; x_wconf 91' lang='lat' dir='ltr'>se</span> <span class='ocrx_word' id='word_1_66' title='bbox 521 1446 621 1506; x_wconf 86' lang='lat' dir='ltr'>dicere</span> <span class='ocrx_word' id='word_1_67' title='bbox 642 1466 729 1523; x_wconf 92' lang='lat' dir='ltr'>posse</span> <span class='ocrx_word' id='word_1_68' title='bbox 750 1456 847 1523; x_wconf 86' lang='lat' dir='ltr'>negat,</span> <span class='ocrx_word' id='word_1_69' title='bbox 870 1465 940 1504; x_wconf 92' lang='lat' dir='ltr'>cum</span> <span class='ocrx_word' id='word_1_70' title='bbox 962 1444 1070 1505; x_wconf 90' lang='lat' dir='ltr'>occisis</span> <span class='ocrx_word' id='word_1_71' title='bbox 1095 1445 1217 1504; x_wconf 90' lang='lat' dir='ltr'>demum</span> 
     </span>
     <span class='ocr_line' id='line_1_11' title="bbox 138 1550 1218 1630; baseline -0.002 -18"><span class='ocrx_word' id='word_1_72' title='bbox 138 1553 239 1630; x_wconf 91' lang='lat' dir='ltr'>procis</span> <span class='ocrx_word' id='word_1_73' title='bbox 270 1554 414 1612; x_wconf 92' lang='lat' dir='ltr'>conclave</span> <span class='ocrx_word' id='word_1_74' title='bbox 443 1552 612 1629; x_wconf 80' lang='lat' dir='ltr'>intraverit3</span> <span class='ocrx_word' id='word_1_75' title='bbox 645 1553 817 1629; x_wconf 84' lang='lat' dir='ltr'>opinantem</span> <span class='ocrx_word' id='word_1_76' title='bbox 849 1563 948 1611; x_wconf 88' lang='lat' dir='ltr'>tamen</span> <span class='ocrx_word' id='word_1_77' title='bbox 974 1551 1065 1610; x_wconf 92' lang='lat' dir='ltr'>deum</span> <span class='ocrx_word' id='word_1_78' title='bbox 1087 1550 1218 1626; x_wconf 87' lang='lat' dir='ltr'>aliquem</span> 
     </span>
     <span class='ocr_line' id='line_1_12' title="bbox 138 1659 1220 1735; baseline 0 -17"><span class='ocrx_word' id='word_1_79' title='bbox 138 1679 203 1720; x_wconf 88' lang='lat' dir='ltr'>non</span> <span class='ocrx_word' id='word_1_80' title='bbox 233 1660 354 1721; x_wconf 86' lang='lat' dir='ltr'>Ulixem</span> <span class='ocrx_word' id='word_1_81' title='bbox 385 1670 537 1719; x_wconf 88' lang='lat' dir='ltr'>auctorem</span> <span class='ocrx_word' id='word_1_82' title='bbox 567 1659 637 1718; x_wconf 89' lang='lat' dir='ltr'>facti</span> <span class='ocrx_word' id='word_1_83' title='bbox 671 1679 735 1719; x_wconf 92' lang='lat' dir='ltr'>esse</span> <span class='ocrx_word' id='word_1_84' title='bbox 766 1661 928 1735; x_wconf 84' lang='lat' dir='ltr'>redarguit</span> <span class='ocrx_word' id='word_1_85' title='bbox 957 1661 1104 1719; x_wconf 82' lang='lat' dir='ltr'>cicatricis</span> <span class='ocrx_word' id='word_1_86' title='bbox 1129 1659 1220 1735; x_wconf 82' lang='lat' dir='ltr'>facta</span> 
     </span>
     <span class='ocr_line' id='line_1_13' title="bbox 137 1766 1220 1843; baseline 0.002 -19"><span class='ocrx_word' id='word_1_87' title='bbox 137 1770 284 1826; x_wconf 88' lang='lat' dir='ltr'>mentione</span> <span class='ocrx_word' id='word_1_88' title='bbox 304 1785 363 1825; x_wconf 93' lang='lat' dir='ltr'>nec</span> <span class='ocrx_word' id='word_1_89' title='bbox 385 1787 453 1826; x_wconf 92' lang='lat' dir='ltr'>vero</span> <span class='ocrx_word' id='word_1_90' title='bbox 475 1767 642 1843; x_wconf 88' lang='lat' dir='ltr'>persuadet.</span> <span class='ocrx_word' id='word_1_91' title='bbox 675 1768 838 1827; x_wconf 92' lang='lat' dir='ltr'>Descendit</span> <span class='ocrx_word' id='word_1_92' title='bbox 859 1766 1051 1826; x_wconf 89' lang='lat' dir='ltr'>nihilominus</span> <span class='ocrx_word' id='word_1_93' title='bbox 1071 1768 1220 1843; x_wconf 88' lang='lat' dir='ltr'>Penelope</span> 
     </span>
     <span class='ocr_line' id='line_1_14' title="bbox 139 1872 1219 1949; baseline 0 -15"><span class='ocrx_word' id='word_1_94' title='bbox 139 1884 170 1935; x_wconf 92' lang='lat' dir='ltr'>et</span> <span class='ocrx_word' id='word_1_95' title='bbox 201 1874 378 1933; x_wconf 87' lang='lat' dir='ltr'>exadversus</span> <span class='ocrx_word' id='word_1_96' title='bbox 406 1873 525 1934; x_wconf 91' lang='lat' dir='ltr'>Ulixem</span> <span class='ocrx_word' id='word_1_97' title='bbox 547 1873 676 1933; x_wconf 91' lang='lat' dir='ltr'>considit</span> <span class='ocrx_word' id='word_1_98' title='bbox 703 1873 820 1933; x_wconf 89' lang='lat' dir='ltr'>incerta</span> <span class='ocrx_word' id='word_1_99' title='bbox 843 1893 879 1932; x_wconf 91' lang='lat' dir='ltr'>ac</span> <span class='ocrx_word' id='word_1_100' title='bbox 901 1872 1125 1948; x_wconf 82' lang='lat' dir='ltr'>dubitabunda3</span> <span class='ocrx_word' id='word_1_101' title='bbox 1147 1892 1219 1949; x_wconf 95' lang='lat' dir='ltr'>quo-</span> 
     </span>
     <span class='ocr_line' id='line_1_15' title="bbox 139 1980 1222 2058; baseline -0.001 -16"><span class='ocrx_word' id='word_1_102' title='bbox 139 1981 221 2042; x_wconf 88' lang='lat' dir='ltr'>circa</span> <span class='ocrx_word' id='word_1_103' title='bbox 242 1982 418 2058; x_wconf 89' lang='lat' dir='ltr'>reprehensa</span> <span class='ocrx_word' id='word_1_104' title='bbox 439 2001 457 2038; x_wconf 97' lang='lat' dir='ltr'>a</span> <span class='ocrx_word' id='word_1_105' title='bbox 477 1982 663 2040; x_wconf 90' lang='lat' dir='ltr'>Telemacho</span> <span class='ocrx_word' id='word_1_106' title='bbox 684 1980 854 2058; x_wconf 87' lang='lat' dir='ltr'>respondet,</span> <span class='ocrx_word' id='word_1_107' title='bbox 872 1980 896 2041; x_wconf 93' lang='lat' dir='ltr'>si</span> <span class='ocrx_word' id='word_1_108' title='bbox 909 2001 978 2040; x_wconf 89' lang='lat' dir='ltr'>vere</span> <span class='ocrx_word' id='word_1_109' title='bbox 992 1981 1044 2040; x_wconf 93' lang='lat' dir='ltr'>ille</span> <span class='ocrx_word' id='word_1_110' title='bbox 1058 1981 1095 2040; x_wconf 92' lang='lat' dir='ltr'>sit</span> <span class='ocrx_word' id='word_1_111' title='bbox 1108 1980 1222 2055; x_wconf 89' lang='lat' dir='ltr'>Ulixes,</span> 
     </span>
     <span class='ocr_line' id='line_1_16' title="bbox 139 2086 1221 2166; baseline -0.001 -18"><span class='ocrx_word' id='word_1_112' title='bbox 139 2091 206 2150; x_wconf 84' lang='lat' dir='ltr'>fore</span> <span class='ocrx_word' id='word_1_113' title='bbox 238 2098 270 2146; x_wconf 89' lang='lat' dir='ltr'>ut</span> <span class='ocrx_word' id='word_1_114' title='bbox 300 2087 386 2165; x_wconf 84' lang='lat' dir='ltr'>signo</span> <span class='ocrx_word' id='word_1_115' title='bbox 417 2086 549 2162; x_wconf 91' lang='lat' dir='ltr'>quodam</span> <span class='ocrx_word' id='word_1_116' title='bbox 580 2107 650 2146; x_wconf 89' lang='lat' dir='ltr'>mox</span> <span class='ocrx_word' id='word_1_117' title='bbox 672 2099 777 2148; x_wconf 91' lang='lat' dir='ltr'>mutuo</span> <span class='ocrx_word' id='word_1_118' title='bbox 799 2107 863 2148; x_wconf 90' lang='lat' dir='ltr'>sese</span> <span class='ocrx_word' id='word_1_119' title='bbox 885 2098 1057 2166; x_wconf 84' lang='lat' dir='ltr'>agnoscant.</span> <span class='ocrx_word' id='word_1_120' title='bbox 1100 2089 1169 2163; x_wconf 87' lang='lat' dir='ltr'>Qua</span> <span class='ocrx_word' id='word_1_121' title='bbox 1189 2107 1221 2148; x_wconf 92' lang='lat' dir='ltr'>re</span> 
     </span>
     <span class='ocr_line' id='line_1_17' title="bbox 139 2196 1222 2273; baseline -0.001 -18"><span class='ocrx_word' id='word_1_122' title='bbox 139 2196 269 2273; x_wconf 89' lang='lat' dir='ltr'>probata</span> <span class='ocrx_word' id='word_1_123' title='bbox 306 2197 409 2254; x_wconf 85' lang='lat' dir='ltr'>Ulixes</span> <span class='ocrx_word' id='word_1_124' title='bbox 437 2197 639 2254; x_wconf 79' lang='lat' dir='ltr'>Telemachum</span> <span class='ocrx_word' id='word_1_125' title='bbox 663 2199 788 2255; x_wconf 79' lang='lat' dir='ltr'>ultionis</span> <span class='ocrx_word' id='word_1_126' title='bbox 807 2216 827 2253; x_wconf 91' lang='lat' dir='ltr'>a</span> <span class='ocrx_word' id='word_1_127' title='bbox 845 2205 1004 2271; x_wconf 89' lang='lat' dir='ltr'>procorum</span> <span class='ocrx_word' id='word_1_128' title='bbox 1026 2197 1222 2272; x_wconf 79' lang='lat' dir='ltr'>expectandae</span> 
     </span>
     <span class='ocr_line' id='line_1_18' title="bbox 142 2300 1222 2380; baseline 0.002 -20"><span class='ocrx_word' id='word_1_129' title='bbox 142 2303 316 2360; x_wconf 88' lang='lat' dir='ltr'>necessariis</span> <span class='ocrx_word' id='word_1_130' title='bbox 349 2301 505 2372; x_wconf 89' lang='lat' dir='ltr'>admonet;</span> <span class='ocrx_word' id='word_1_131' title='bbox 535 2300 635 2376; x_wconf 89' lang='lat' dir='ltr'>itaque</span> <span class='ocrx_word' id='word_1_132' title='bbox 658 2300 697 2360; x_wconf 90' lang='lat' dir='ltr'>ad</span> <span class='ocrx_word' id='word_1_133' title='bbox 719 2303 876 2362; x_wconf 89' lang='lat' dir='ltr'>celandam</span> <span class='ocrx_word' id='word_1_134' title='bbox 899 2304 1022 2363; x_wconf 89' lang='lat' dir='ltr'>caedem</span> <span class='ocrx_word' id='word_1_135' title='bbox 1043 2324 1097 2380; x_wconf 92' lang='lat' dir='ltr'>per</span> <span class='ocrx_word' id='word_1_136' title='bbox 1119 2304 1222 2363; x_wconf 92' lang='lat' dir='ltr'>dolum</span> 
     </span>
     <span class='ocr_line' id='line_1_19' title="bbox 143 2405 1223 2488; baseline 0.003 -21"><span class='ocrx_word' id='word_1_137' title='bbox 143 2407 314 2485; x_wconf 89' lang='lat' dir='ltr'>nuptiarum</span> <span class='ocrx_word' id='word_1_138' title='bbox 335 2405 467 2484; x_wconf 90' lang='lat' dir='ltr'>speciem</span> <span class='ocrx_word' id='word_1_139' title='bbox 490 2407 709 2467; x_wconf 88' lang='lat' dir='ltr'>ostendendam</span> <span class='ocrx_word' id='word_1_140' title='bbox 731 2419 821 2468; x_wconf 87' lang='lat' dir='ltr'>curat.</span> <span class='ocrx_word' id='word_1_141' title='bbox 851 2411 924 2470; x_wconf 91' lang='lat' dir='ltr'>Mox</span> <span class='ocrx_word' id='word_1_142' title='bbox 945 2420 1043 2468; x_wconf 89' lang='lat' dir='ltr'>autem</span> <span class='ocrx_word' id='word_1_143' title='bbox 1063 2430 1082 2468; x_wconf 90' lang='lat' dir='ltr'>a</span> <span class='ocrx_word' id='word_1_144' title='bbox 1101 2411 1223 2488; x_wconf 89' lang='lat' dir='ltr'>balneo,</span> 
     </span>
     <span class='ocr_line' id='line_1_20' title="bbox 62 2517 1222 2594; baseline -0.001 -18"><span class='ocrx_word' id='word_1_145' title='bbox 62 2541 65 2548; x_wconf 50' lang='lat'>¹</span> <span class='ocrx_word' id='word_1_146' title='bbox 136 2519 309 2594; x_wconf 89' lang='lat' dir='ltr'>formosior</span> <span class='ocrx_word' id='word_1_147' title='bbox 330 2517 466 2575; x_wconf 87' lang='lat' dir='ltr'>redditus</span> <span class='ocrx_word' id='word_1_148' title='bbox 489 2536 508 2574; x_wconf 89' lang='lat' dir='ltr'>a</span> <span class='ocrx_word' id='word_1_149' title='bbox 529 2518 685 2588; x_wconf 86' lang='lat' dir='ltr'>Minerua,</span> <span class='ocrx_word' id='word_1_150' title='bbox 709 2534 844 2575; x_wconf 85' lang='lat' dir='ltr'>reversus</span> <span class='ocrx_word' id='word_1_151' title='bbox 862 2517 906 2575; x_wconf 89' lang='lat' dir='ltr'>&#39;ad</span> <span class='ocrx_word' id='word_1_152' title='bbox 927 2518 1100 2592; x_wconf 88' lang='lat' dir='ltr'>Penelopen</span> <span class='ocrx_word' id='word_1_153' title='bbox 1124 2517 1222 2575; x_wconf 90' lang='lat' dir='ltr'>eodem</span> 
     </span>
     <span class='ocr_line' id='line_1_21' title="bbox 143 2623 1226 2700; baseline -0.001 -17"><span class='ocrx_word' id='word_1_154' title='bbox 143 2628 242 2689; x_wconf 89' lang='lat' dir='ltr'>utitur</span> <span class='ocrx_word' id='word_1_155' title='bbox 271 2626 404 2683; x_wconf 87' lang='lat' dir='ltr'>oratione</span> <span class='ocrx_word' id='word_1_156' title='bbox 436 2643 495 2700; x_wconf 87' lang='lat' dir='ltr'>qua</span> <span class='ocrx_word' id='word_1_157' title='bbox 528 2624 717 2682; x_wconf 74' lang='lat' dir='ltr'>Telemachus</span> <span class='ocrx_word' id='word_1_158' title='bbox 737 2634 863 2682; x_wconf 89' lang='lat' dir='ltr'>matrem</span> <span class='ocrx_word' id='word_1_159' title='bbox 885 2623 968 2681; x_wconf 90' lang='lat' dir='ltr'>modo</span> <span class='ocrx_word' id='word_1_160' title='bbox 989 2624 1226 2699; x_wconf 75' lang='lat' dir='ltr'>reprehenderat</span> 
     </span>
     <span class='ocr_line' id='line_1_22' title="bbox 145 2729 1224 2809; baseline -0.001 -17"><span class='ocrx_word' id='word_1_161' title='bbox 145 2741 174 2792; x_wconf 91' lang='lat' dir='ltr'>et</span> <span class='ocrx_word' id='word_1_162' title='bbox 196 2733 307 2791; x_wconf 89' lang='lat' dir='ltr'>lectum</span> <span class='ocrx_word' id='word_1_163' title='bbox 329 2729 383 2790; x_wconf 91' lang='lat' dir='ltr'>sibi</span> <span class='ocrx_word' id='word_1_164' title='bbox 405 2729 494 2789; x_wconf 91' lang='lat' dir='ltr'>sterni</span> <span class='ocrx_word' id='word_1_165' title='bbox 514 2729 605 2789; x_wconf 93' lang='lat' dir='ltr'>iubet.</span> <span class='ocrx_word' id='word_1_166' title='bbox 648 2732 728 2790; x_wconf 88' lang='lat' dir='ltr'>Tum</span> <span class='ocrx_word' id='word_1_167' title='bbox 751 2731 932 2807; x_wconf 89' lang='lat' dir='ltr'>Penelopem</span> <span class='ocrx_word' id='word_1_168' title='bbox 954 2731 1109 2807; x_wconf 89' lang='lat' dir='ltr'>Eurycliae</span> <span class='ocrx_word' id='word_1_169' title='bbox 1132 2730 1224 2809; x_wconf 89' lang='lat' dir='ltr'>impe·</span> 
     </span>
    </p>
   </div>
   <div class='ocr_carea' id='block_1_3' title="bbox 142 2837 1224 3237">
    <p class='ocr_par' dir='ltr' id='par_1_3' title="bbox 142 2837 1224 3237">
     <span class='ocr_line' id='line_1_23' title="bbox 143 2837 1224 2926; baseline -0.001 -27"><span class='ocrx_word' id='word_1_170' title='bbox 143 2849 257 2900; x_wconf 87' lang='lat' dir='ltr'>rantem</span> <span class='ocrx_word' id='word_1_171' title='bbox 276 2849 311 2926; x_wconf 84' lang='lat' dir='ltr'>ut</span> <span class='ocrx_word' id='word_1_172' title='bbox 335 2838 488 2915; x_wconf 92' lang='lat' dir='ltr'>proprium</span> <span class='ocrx_word' id='word_1_173' title='bbox 509 2837 606 2898; x_wconf 93' lang='lat' dir='ltr'>Ulixis</span> <span class='ocrx_word' id='word_1_174' title='bbox 627 2838 738 2896; x_wconf 90' lang='lat' dir='ltr'>lectum</span> <span class='ocrx_word' id='word_1_175' title='bbox 762 2848 843 2897; x_wconf 90' lang='lat' dir='ltr'>extra</span> <span class='ocrx_word' id='word_1_176' title='bbox 864 2837 1034 2897; x_wconf 89' lang='lat' dir='ltr'>cubiculum</span> <span class='ocrx_word' id='word_1_177' title='bbox 1057 2849 1158 2916; x_wconf 88' lang='lat' dir='ltr'>ponat,</span> <span class='ocrx_word' id='word_1_178' title='bbox 1180 2839 1224 2898; x_wconf 89' lang='lat' dir='ltr'>ira</span> 
     </span>
     <span class='ocr_line' id='line_1_24' title="bbox 143 2945 1224 3023; baseline -0.001 -19"><span class='ocrx_word' id='word_1_179' title='bbox 143 2955 312 3006; x_wconf 90' lang='lat' dir='ltr'>commotus</span> <span class='ocrx_word' id='word_1_180' title='bbox 332 2945 434 3006; x_wconf 89' lang='lat' dir='ltr'>Ulixes</span> <span class='ocrx_word' id='word_1_181' title='bbox 455 2955 548 3023; x_wconf 88' lang='lat' dir='ltr'>rogat,</span> <span class='ocrx_word' id='word_1_182' title='bbox 568 2945 634 3021; x_wconf 90' lang='lat' dir='ltr'>quis</span> <span class='ocrx_word' id='word_1_183' title='bbox 658 2946 911 3006; x_wconf 90' lang='lat' dir='ltr'>constructionem</span> <span class='ocrx_word' id='word_1_184' title='bbox 931 2946 999 3006; x_wconf 91' lang='lat' dir='ltr'>lecti</span> <span class='ocrx_word' id='word_1_185' title='bbox 1013 2945 1058 3006; x_wconf 92' lang='lat' dir='ltr'>sui</span> <span class='ocrx_word' id='word_1_186' title='bbox 1072 2951 1224 3022; x_wconf 87' lang='lat' dir='ltr'>mutasset,</span> 
     </span>
     <span class='ocr_line' id='line_1_25' title="bbox 142 3051 1223 3131; baseline -0.002 -18"><span class='ocrx_word' id='word_1_187' title='bbox 142 3073 235 3129; x_wconf 89' lang='lat' dir='ltr'>quem</span> <span class='ocrx_word' id='word_1_188' title='bbox 265 3053 308 3112; x_wconf 89' lang='lat' dir='ltr'>ita</span> <span class='ocrx_word' id='word_1_189' title='bbox 338 3052 487 3129; x_wconf 88' lang='lat' dir='ltr'>panxisset</span> <span class='ocrx_word' id='word_1_190' title='bbox 517 3063 549 3111; x_wconf 90' lang='lat' dir='ltr'>ut</span> <span class='ocrx_word' id='word_1_191' title='bbox 582 3055 652 3113; x_wconf 92' lang='lat' dir='ltr'>loco</span> <span class='ocrx_word' id='word_1_192' title='bbox 684 3053 798 3113; x_wconf 90' lang='lat' dir='ltr'>moveri</span> <span class='ocrx_word' id='word_1_193' title='bbox 828 3074 890 3114; x_wconf 93' lang='lat' dir='ltr'>non</span> <span class='ocrx_word' id='word_1_194' title='bbox 922 3065 1032 3131; x_wconf 90' lang='lat' dir='ltr'>posset.</span> <span class='ocrx_word' id='word_1_195' title='bbox 1075 3051 1131 3111; x_wconf 92' lang='lat' dir='ltr'>His</span> <span class='ocrx_word' id='word_1_196' title='bbox 1152 3071 1223 3111; x_wconf 93' lang='lat' dir='ltr'>vero</span> 
     </span>
     <span class='ocr_line' id='line_1_26' title="bbox 143 3157 1224 3237; baseline -0.003 -19"><span class='ocrx_word' id='word_1_197' title='bbox 143 3157 253 3219; x_wconf 88' lang='lat' dir='ltr'>auditis</span> <span class='ocrx_word' id='word_1_198' title='bbox 276 3179 295 3218; x_wconf 88' lang='lat' dir='ltr'>a</span> <span class='ocrx_word' id='word_1_199' title='bbox 315 3160 421 3220; x_wconf 90' lang='lat' dir='ltr'>marito</span> <span class='ocrx_word' id='word_1_200' title='bbox 443 3159 486 3219; x_wconf 91' lang='lat' dir='ltr'>sic</span> <span class='ocrx_word' id='word_1_201' title='bbox 507 3159 610 3237; x_wconf 88' lang='lat' dir='ltr'>agnito</span> <span class='ocrx_word' id='word_1_202' title='bbox 633 3159 831 3219; x_wconf 88' lang='lat' dir='ltr'>cunctationis</span> <span class='ocrx_word' id='word_1_203' title='bbox 852 3179 922 3219; x_wconf 89' lang='lat' dir='ltr'>suae</span> <span class='ocrx_word' id='word_1_204' title='bbox 944 3158 1060 3218; x_wconf 90' lang='lat' dir='ltr'>veniam</span> <span class='ocrx_word' id='word_1_205' title='bbox 1080 3158 1224 3234; x_wconf 88' lang='lat' dir='ltr'>implorat</span> 
     </span>
    </p>
   </div>
   <div class='ocr_carea' id='block_1_4' title="bbox 144 3264 1228 4307">
    <p class='ocr_par' dir='ltr' id='par_1_4' title="bbox 144 3264 1228 4307">
     <span class='ocr_line' id='line_1_27' title="bbox 144 3264 1224 3342; baseline -0.002 -16"><span class='ocrx_word' id='word_1_206' title='bbox 144 3269 305 3342; x_wconf 87' lang='lat' dir='ltr'>Penelope,</span> <span class='ocrx_word' id='word_1_207' title='bbox 327 3269 461 3326; x_wconf 87' lang='lat' dir='ltr'>Helenae</span> <span class='ocrx_word' id='word_1_208' title='bbox 483 3269 614 3342; x_wconf 86' lang='lat' dir='ltr'>exemplo</span> <span class='ocrx_word' id='word_1_209' title='bbox 627 3286 691 3325; x_wconf 88' lang='lat' dir='ltr'>eam</span> <span class='ocrx_word' id='word_1_210' title='bbox 704 3267 863 3342; x_wconf 88' lang='lat' dir='ltr'>defendens</span> <span class='ocrx_word' id='word_1_211' title='bbox 869 3293 880 3334; x_wconf 92' lang='lat'><em>;</em></span> <span class='ocrx_word' id='word_1_212' title='bbox 901 3285 960 3341; x_wconf 94' lang='lat' dir='ltr'>qua</span> <span class='ocrx_word' id='word_1_213' title='bbox 971 3265 1128 3342; x_wconf 90' lang='lat' dir='ltr'>impetrata</span> <span class='ocrx_word' id='word_1_214' title='bbox 1138 3264 1224 3324; x_wconf 90' lang='lat' dir='ltr'>mari·</span> 
     </span>
     <span class='ocr_line' id='line_1_28' title="bbox 144 3372 1223 3451; baseline -0.002 -19"><span class='ocrx_word' id='word_1_215' title='bbox 144 3384 209 3432; x_wconf 90' lang='lat' dir='ltr'>tum</span> <span class='ocrx_word' id='word_1_216' title='bbox 231 3372 419 3450; x_wconf 87' lang='lat' dir='ltr'>amplectitur</span> <span class='ocrx_word' id='word_1_217' title='bbox 441 3384 472 3432; x_wconf 91' lang='lat' dir='ltr'>et</span> <span class='ocrx_word' id='word_1_218' title='bbox 492 3385 560 3450; x_wconf 91' lang='lat' dir='ltr'>post</span> <span class='ocrx_word' id='word_1_219' title='bbox 579 3375 704 3450; x_wconf 84' lang='lat' dir='ltr'>longum</span> <span class='ocrx_word' id='word_1_220' title='bbox 725 3373 908 3449; x_wconf 90' lang='lat' dir='ltr'>colloquium</span> <span class='ocrx_word' id='word_1_221' title='bbox 924 3377 1037 3451; x_wconf 83' lang='lat' dir='ltr'>(inquo</span> <span class='ocrx_word' id='word_1_222' title='bbox 1051 3374 1223 3432; x_wconf 89' lang='lat' dir='ltr'>mandatum</span> 
     </span>
     <span class='ocr_line' id='line_1_29' title="bbox 152 3480 1223 3566; baseline 0.006 -26"><span class='ocrx_word' id='word_1_223' title='bbox 152 3485 288 3542; x_wconf 85' lang='lat' dir='ltr'>Tiresiae</span> <span class='ocrx_word' id='word_1_224' title='bbox 308 3501 371 3541; x_wconf 92' lang='lat' dir='ltr'>cum</span> <span class='ocrx_word' id='word_1_225' title='bbox 395 3502 427 3541; x_wconf 92' lang='lat' dir='ltr'>eo</span> <span class='ocrx_word' id='word_1_226' title='bbox 441 3485 633 3541; x_wconf 87' lang='lat' dir='ltr'>communicat</span> <span class='ocrx_word' id='word_1_227' title='bbox 660 3483 776 3558; x_wconf 84' lang='lat' dir='ltr'>Ulixes)</span> <span class='ocrx_word' id='word_1_228' title='bbox 798 3480 886 3541; x_wconf 90' lang='lat' dir='ltr'>ambo</span> <span class='ocrx_word' id='word_1_229' title='bbox 906 3481 1061 3548; x_wconf 73' lang='lat' dir='ltr'>dundanae</span> <span class='ocrx_word' id='word_1_230' title='bbox 1077 3480 1223 3566; x_wconf 77' lang='grc' dir='ltr'><em>λέκτροιο</em></span> 
     </span>
     <span class='ocr_line' id='line_1_30' title="bbox 147 3586 1226 3673; baseline -0.004 -24"><span class='ocrx_word' id='word_1_231' title='bbox 147 3592 293 3658; x_wconf 76' lang='grc' dir='ltr'><strong><em>παλαιοῦ</em></strong></span> <span class='ocrx_word' id='word_1_232' title='bbox 318 3595 437 3673; x_wconf 64' lang='grc' dir='ltr'><em>θεσμὸν</em></span> <span class='ocrx_word' id='word_1_233' title='bbox 459 3596 582 3657; x_wconf 65' lang='grc' dir='ltr'><strong><em>ἵκοντο.</em></strong></span> <span class='ocrx_word' id='word_1_234' title='bbox 600 3623 640 3633; x_wconf 90' lang='grc'>-</span> <span class='ocrx_word' id='word_1_235' title='bbox 658 3591 756 3649; x_wconf 88' lang='lat' dir='ltr'>Nocte</span> <span class='ocrx_word' id='word_1_236' title='bbox 771 3586 926 3648; x_wconf 90' lang='lat' dir='ltr'>Minervae</span> <span class='ocrx_word' id='word_1_237' title='bbox 942 3608 1035 3665; x_wconf 87' lang='lat' dir='ltr'>opera.</span> <span class='ocrx_word' id='word_1_238' title='bbox 1048 3588 1226 3665; x_wconf 86' lang='lat' dir='ltr'>prolongato</span> 
     </span>
     <span class='ocr_line' id='line_1_31' title="bbox 146 3696 1226 3766; baseline -0.004 -9"><span class='ocrx_word' id='word_1_239' title='bbox 146 3697 251 3759; x_wconf 89' lang='lat' dir='ltr'>ceteris</span> <span class='ocrx_word' id='word_1_240' title='bbox 275 3697 493 3758; x_wconf 90' lang='lat' dir='ltr'>dormientibus</span> <span class='ocrx_word' id='word_1_241' title='bbox 513 3696 542 3754; x_wconf 92' lang='lat' dir='ltr'>in</span> <span class='ocrx_word' id='word_1_242' title='bbox 561 3699 639 3755; x_wconf 90' lang='lat' dir='ltr'>lecto</span> <span class='ocrx_word' id='word_1_243' title='bbox 654 3696 899 3766; x_wconf 83' lang='lat' dir='ltr'>confabulantur;</span> <span class='ocrx_word' id='word_1_244' title='bbox 922 3697 995 3756; x_wconf 90' lang='lat' dir='ltr'>dum</span> <span class='ocrx_word' id='word_1_245' title='bbox 1011 3705 1226 3756; x_wconf 89' lang='lat' dir='ltr'>commemorat</span> 
     </span>
     <span class='ocr_line' id='line_1_32' title="bbox 146 3801 1227 3882; baseline -0.004 -17"><span class='ocrx_word' id='word_1_246' title='bbox 146 3806 297 3882; x_wconf 90' lang='lat' dir='ltr'>Penelope</span> <span class='ocrx_word' id='word_1_247' title='bbox 328 3803 449 3863; x_wconf 90' lang='lat' dir='ltr'>iniurias</span> <span class='ocrx_word' id='word_1_248' title='bbox 480 3803 538 3863; x_wconf 89' lang='lat' dir='ltr'>sibi</span> <span class='ocrx_word' id='word_1_249' title='bbox 569 3803 663 3862; x_wconf 85' lang='lat' dir='ltr'>factas</span> <span class='ocrx_word' id='word_1_250' title='bbox 701 3823 719 3860; x_wconf 89' lang='lat' dir='ltr'>a</span> <span class='ocrx_word' id='word_1_251' title='bbox 743 3801 852 3878; x_wconf 90' lang='lat' dir='ltr'>procis,</span> <span class='ocrx_word' id='word_1_252' title='bbox 884 3803 987 3863; x_wconf 91' lang='lat' dir='ltr'>Ulixes</span> <span class='ocrx_word' id='word_1_253' title='bbox 1010 3816 1108 3864; x_wconf 90' lang='lat' dir='ltr'>autem</span> <span class='ocrx_word' id='word_1_254' title='bbox 1130 3813 1227 3862; x_wconf 88' lang='lat' dir='ltr'>narrat</span> 
     </span>
     <span class='ocr_line' id='line_1_33' title="bbox 145 3910 1225 3989; baseline -0.002 -17"><span class='ocrx_word' id='word_1_255' title='bbox 145 3911 185 3972; x_wconf 88' lang='lat' dir='ltr'>de</span> <span class='ocrx_word' id='word_1_256' title='bbox 217 3910 390 3978; x_wconf 87' lang='lat' dir='ltr'>Ciconibus‚</span> <span class='ocrx_word' id='word_1_257' title='bbox 422 3910 619 3988; x_wconf 84' lang='lat' dir='ltr'>Lotophagis,</span> <span class='ocrx_word' id='word_1_258' title='bbox 653 3911 797 3987; x_wconf 89' lang='lat' dir='ltr'>Cyclope,</span> <span class='ocrx_word' id='word_1_259' title='bbox 830 3911 937 3976; x_wconf 82' lang='lat' dir='ltr'>Aeolo,</span> <span class='ocrx_word' id='word_1_260' title='bbox 967 3911 1225 3989; x_wconf 86' lang='lat' dir='ltr'>Laestrygonibus‚</span> 
     </span>
     <span class='ocr_line' id='line_1_34' title="bbox 146 4017 1228 4094; baseline -0.003 -15"><span class='ocrx_word' id='word_1_261' title='bbox 146 4017 252 4090; x_wconf 89' lang='lat' dir='ltr'>Circe;</span> <span class='ocrx_word' id='word_1_262' title='bbox 275 4019 309 4076; x_wconf 92' lang='lat' dir='ltr'>de</span> <span class='ocrx_word' id='word_1_263' title='bbox 331 4020 451 4077; x_wconf 85' lang='lat' dir='ltr'>Tiresia</span> <span class='ocrx_word' id='word_1_264' title='bbox 472 4020 574 4077; x_wconf 85' lang='lat' dir='ltr'>amieis</span> <span class='ocrx_word' id='word_1_265' title='bbox 594 4023 691 4075; x_wconf 89' lang='lat' dir='ltr'>matre</span> <span class='ocrx_word' id='word_1_266' title='bbox 712 4019 743 4074; x_wconf 88' lang='lat' dir='ltr'>in</span> <span class='ocrx_word' id='word_1_267' title='bbox 769 4017 848 4076; x_wconf 88' lang='lat' dir='ltr'>Orco</span> <span class='ocrx_word' id='word_1_268' title='bbox 869 4021 1033 4094; x_wconf 80' lang='lat' dir='ltr'>conspectis,</span> <span class='ocrx_word' id='word_1_269' title='bbox 1055 4017 1092 4077; x_wconf 90' lang='lat' dir='ltr'>de</span> <span class='ocrx_word' id='word_1_270' title='bbox 1108 4017 1228 4092; x_wconf 85' lang='lat' dir='ltr'>Sirenis,</span> 
     </span>
     <span class='ocr_line' id='line_1_35' title="bbox 144 4122 1228 4202; baseline 0 -18"><span class='ocrx_word' id='word_1_271' title='bbox 144 4123 284 4191; x_wconf 71' lang='lat' dir='ltr'>Plancus,</span> <span class='ocrx_word' id='word_1_272' title='bbox 314 4126 413 4202; x_wconf 91' lang='lat' dir='ltr'>Scylla</span> <span class='ocrx_word' id='word_1_273' title='bbox 433 4134 462 4184; x_wconf 91' lang='lat' dir='ltr'>et</span> <span class='ocrx_word' id='word_1_274' title='bbox 485 4122 657 4200; x_wconf 91' lang='lat' dir='ltr'>Charybdi;</span> <span class='ocrx_word' id='word_1_275' title='bbox 680 4123 718 4182; x_wconf 93' lang='lat' dir='ltr'>de</span> <span class='ocrx_word' id='word_1_276' title='bbox 741 4125 879 4183; x_wconf 87' lang='lat' dir='ltr'>armentis</span> <span class='ocrx_word' id='word_1_277' title='bbox 899 4125 969 4185; x_wconf 91' lang='lat' dir='ltr'>solis</span> <span class='ocrx_word' id='word_1_278' title='bbox 985 4125 1083 4202; x_wconf 90' lang='lat' dir='ltr'>deque</span> <span class='ocrx_word' id='word_1_279' title='bbox 1098 4126 1228 4202; x_wconf 87' lang='lat' dir='ltr'>Calypso</span> 
     </span>
     <span class='ocr_line' id='line_1_36' title="bbox 147 4229 1227 4307; baseline -0.002 -16"><span class='ocrx_word' id='word_1_280' title='bbox 147 4231 402 4307; x_wconf 89' lang='lat' dir='ltr'>Phaeacibusque.</span> <span class='ocrx_word' id='word_1_281' title='bbox 444 4231 510 4290; x_wconf 91' lang='lat' dir='ltr'>Diei</span> <span class='ocrx_word' id='word_1_282' title='bbox 544 4233 612 4291; x_wconf 91' lang='lat' dir='ltr'>luce</span> <span class='ocrx_word' id='word_1_283' title='bbox 643 4250 662 4289; x_wconf 88' lang='lat' dir='ltr'>a</span> <span class='ocrx_word' id='word_1_284' title='bbox 693 4229 827 4290; x_wconf 91' lang='lat' dir='ltr'>Minerva</span> <span class='ocrx_word' id='word_1_285' title='bbox 859 4231 992 4292; x_wconf 91' lang='lat' dir='ltr'>restituta</span> <span class='ocrx_word' id='word_1_286' title='bbox 1023 4232 1126 4292; x_wconf 91' lang='lat' dir='ltr'>Ulixes</span> <span class='ocrx_word' id='word_1_287' title='bbox 1159 4249 1227 4290; x_wconf 91' lang='lat' dir='ltr'>cum</span> 
     </span>
    </p>
   </div>
   <div class='ocr_carea' id='block_1_5' title="bbox 0 0 1478 4886">
    <p class='ocr_par' dir='ltr' id='par_1_5' title="bbox 0 0 1478 4886">
     <span class='ocr_line' id='line_1_37' title="bbox 0 0 1478 4886; baseline 0 0"><span class='ocrx_word' id='word_1_288' title='bbox 0 0 1478 4886; x_wconf 95' lang='lat' dir='ltr'> </span> 
     </span>
    </p>
   </div>
  </div>
 </body>
</html>
