2928 4886
639 416 655 468 3

106 577 293 644 memoravit,
316 576 353 635 de
368 574 487 651 reliquis
501 572 579 632 illius
593 572 711 631 casibus
726 571 882 649 satisfacit,
900 571 1011 648 quippe
1026 572 1058 631 id
1073 581 1187 631 tantum

105 691 324 746 commemorat
356 681 436 758 qual
456 683 613 738 naualionz'
641 682 806 755 ceteroquin
826 688 885 755 per
915 699 945 737 se
976 681 1126 738 absolutae
1154 681 1189 738 de

105 793 219 850 Protea
241 798 389 866 tamquam
410 791 572 848 clausulam
583 789 840 864 affingerepatesl.
864 788 1003 846 Ceterum
1018 788 1189 846 muneribus

106 894 260 974 promissis
281 896 495 954 Telemachum
510 894 590 970 apud
606 913 636 953 se
652 894 778 954 retinere
794 896 902 970 studet,
919 916 987 955 curn
1002 896 1051 958 ille
1066 899 1193 956 affirmat

106 1025 139 1063 se
166 1006 301 1062 continuo
321 1003 456 1062 Itlacam
479 1003 654 1062 rediturum.
697 1001 783 1062 Proci
805 1003 905 1062 matris
927 1005 989 1062 eius
1011 1004 1191 1082 Penelopes,

108 1130 236 1188 quorum
252 1105 401 1185 principes
415 1105 566 1164 Antinous
580 1117 610 1164 et
625 1109 837 1184 Eurymachus,
850 1108 888 1167 de
900 1107 1004 1168 itinere
1015 1109 1189 1198 Telemachi

108 1219 253 1278 certiores
289 1218 359 1278 facti
398 1237 506 1277 navem
545 1217 576 1276 in
613 1215 726 1276 insidiis
761 1218 911 1276 collocant
946 1217 1023 1276 inter
1055 1218 1189 1276 Ithacam

109 1327 302 1402 Samumque.
345 1324 475 1394 Quorum
507 1323 629 1384 consilia
661 1323 748 1382 simul
779 1343 847 1383 cum
881 1323 986 1384 itinere
1016 1325 1190 1384 Telemachi

108 1434 228 1492 Medon
263 1447 372 1508 praeco
408 1430 609 1490 communicat
644 1448 713 1489 cum
744 1433 913 1508 Penelopa,
929 1429 1025 1508 'quae
1059 1431 1190 1492 maximo
1260 1451 1263 1463 ¹

108 1539 183 1599 hinc
226 1539 330 1600 dolore
373 1539 495 1610 affecta,
531 1537 715 1614 reprehensis
751 1539 790 1596 ob
826 1537 1042 1614 neglegentiam
1076 1537 1191 1597 ancillis

108 1645 188 1712 suis,
230 1647 353 1704 Laertae
394 1645 456 1703 seni
497 1643 660 1719 periculum
701 1643 817 1720 nepotis
854 1643 982 1703 nuntiari
1018 1645 1102 1704 iubet
1130 1657 1192 1722 per

107 1754 236 1812 Dulium
257 1771 371 1809 seruam
392 1771 474 1810 suum
496 1770 579 1828 quem
601 1753 669 1808 olim
692 1771 711 1807 a
725 1761 821 1826 patre
842 1753 994 1827 acceperit.
1017 1753 1065 1810 De
1084 1754 1191 1811 Laerte

108 1856 272 1918 excitando
306 1857 479 1916 dissuadens
512 1857 649 1933 Euryclia
680 1856 775 1915 nutrix
808 1855 836 1916 ei
858 1857 963 1916 suadet
983 1868 1014 1915 ut
1035 1857 1191 1918 Minervae

108 1984 218 2044 preces
245 1984 300 2042 pro
332 1966 425 2023 salute
446 1964 499 2023 filii
522 1963 680 2040 concipiat.
724 1967 804 2022 Dum
825 1963 909 2040 proci
932 1983 1040 2022 navem
1063 1966 1190 2037 solvunt,

108 2074 264 2148 Penelope
295 2072 327 2129 in
360 2073 440 2130 luctu
472 2090 662 2148 perseverans
694 2091 712 2129 a
742 2071 878 2130 Minerva
909 2071 1099 2149 consopitur3
1130 2091 1191 2148 quo

109 2182 193 2239 facto
215 2180 271 2239 dea
291 2199 345 2256 per
365 2180 473 2238 sororis
490 2179 680 2238 simulacrum
703 2177 869 2266 (εἴδωλον)
893 2179 923 2235 in
945 2198 1052 2239 somno
1072 2177 1192 2238 missum

109 2307 180 2347 eam
203 2289 385 2347 consolatur.
408 2286 522 2345 Eadem
547 2306 615 2344 curn
637 2285 667 2344 in
684 2284 780 2361 priore
795 2287 920 2344 deorum
936 2284 1068 2345 concilio
1086 2285 1192 2360 Ulixis,

109 2392 197 2470 apud
204 2392 334 2468 Calypso
345 2393 506 2468 nympham
516 2389 667 2458 versantis,
680 2390 807 2449 reditum
818 2390 1001 2468 impetrasset
1012 2404 1042 2451 et
1053 2392 1091 2450 de
1103 2393 1193 2450 Tele-

109 2499 223 2558 macho
234 2497 413 2557 dimittendo
424 2495 755 2573 docuisset,posteriore
768 2496 897 2556 concilio
907 2497 944 2556 de
954 2496 1193 2558 absentiaUlixis

109 2618 141 2666 et
166 2605 340 2664 Telemachi
364 2603 503 2680 periculis
529 2603 662 2687 eandem⁴
675 2613 827 2681 tamquam
838 2623 948 2662 novam
962 2606 1112 2681 querelam
1126 2623 1194 2680 pro·

109 2715 175 2773 fert.
193 2711 250 2771 Cui
262 2722 294 2769 ut
308 2709 466 2770 satisfaciat
477 2711 590 2787 Jupiter
603 2710 786 2769 Mercurium
803 2711 891 2770 mittit
902 2712 940 2770 ad
952 2711 1093 2788 Calypso,
1106 2730 1194 2786 quarn

109 2820 216 2880 iubeat
240 2819 356 2878 Ulixem
380 2838 397 2876 a
419 2838 449 2878 se
473 2818 638 2892 dimittere;
658 2819 700 2878 ita
723 2830 755 2878 ut
776 2831 838 2879 rate
862 2819 1074 2896 proficiscatur,
1091 2841 1147 2878 nau
1163 2823 1193 2877 ia

105 2929 244 3004 patriam
265 2926 320 2984 sed
337 2927 380 2983 αα
398 2927 556 3003 Phaeaces,
578 2926 630 3003 qui
651 2945 720 2985 eum
742 2927 877 2986 Ithacam
898 2928 1081 2986 incolumem
1103 2927 1193 2986 redu-

111 3043 200 3109 cant3
222 3031 266 3092 sic
287 3029 366 3089 enim
386 3031 446 3090 fata
468 3031 580 3090 iubere.
603 3031 767 3090 Mercurius
789 3035 930 3092 mandata
953 3054 1098 3112 peragens
1115 3036 1195 3111 apud

112 3142 264 3216 Calypso,
299 3149 377 3197 tacet
401 3121 443 3196 'de
477 3137 579 3196 ceteris
613 3137 695 3197 Iovis
730 3139 872 3214 oraculis,
911 3140 979 3198 ratis
1013 3141 1195 3200 mentionem

111 3248 228 3306 nullam
260 3245 339 3304 facit.
382 3247 452 3320 Quo
483 3247 620 3321 profecto
641 3245 723 3306 Ulixi
743 3246 869 3322 imperat
891 3247 1022 3323 Calypso
1044 3259 1079 3307 ul
1099 3259 1195 3308 ratem

114 3361 273 3414 construat
295 3373 354 3429 qua
376 3354 537 3411 volentibus
559 3354 621 3410 dcis
642 3356 794 3412 incolumis
814 3357 845 3411 lu
859 3358 997 3431 patriam
1022 3359 1149 3431 naviget.
1170 3365 1201 3431 1).

115 3463 303 3520 Metuentem
335 3470 363 3518 et
393 3458 554 3518 sollicitum
576 3459 790 3520 iureiurando
812 3461 850 3520 de
871 3463 930 3521 fide
952 3480 1004 3522 sua
1026 3465 1197 3538 coufirmat;

115 3567 228 3626 deinde
257 3576 357 3624 tamen
387 3566 515 3624 eundern
537 3577 672 3642 paratum
693 3566 752 3625 iam
774 3569 812 3626 ad
833 3569 1049 3645 prosectionem
1071 3582 1198 3630 conatur

113 3675 196 3752 apud
212 3693 243 3733 se
256 3674 381 3734 retinere
395 3685 506 3732 terrore
522 3673 736 3752 calamitatum,
751 3693 827 3750 quae
842 3675 870 3735 ei
885 3675 915 3733 in
927 3675 1030 3735 itinere
1042 3685 1197 3754 antequam

113 3783 230 3842 domum
256 3784 417 3858 perveniat
439 3781 645 3857 impendeant.
661 3785 690 3854 2)
732 3784 808 3840 Rate
831 3794 1002 3843 constructa
1023 3784 1127 3859 quinto
1148 3784 1198 3843 die

157 3983 179 4036 1)
198 3997 210 4027 r
234 3976 280 4026 168
298 3993 335 4042 sq.
354 3976 386 4034 ὥς
406 3996 435 4025 κε
461 3970 522 4038 μάλ’
543 3977 669 4043 ἀσκηθὴς
687 3981 736 4044 σὴν
754 3976 882 4046 πατρίδα
902 3993 987 4042 γαῖαν
1006 3976 1095 4046 ἵκηαι,
1115 3980 1145 4029 a'l
1166 3999 1196 4029 κε

122 4060 189 4109 θεοὶ
210 4059 337 4109 ἐθέλωσι.

155 4147 181 4202 2)
199 4142 254 4190 ibid
273 4141 330 4192 206.
363 4141 389 4189 εἴ
408 4160 439 4204 γε
459 4139 508 4201 μὲν
529 4142 635 4205 εἰδείης
654 4147 730 4206 σῇσιν
748 4145 855 4208 φρεσίν,
878 4143 944 4192 ὅσσα
968 4164 1009 4193 τοι
1029 4137 1095 4194 αἶσα
1115 4139 1194 4209 κήδε’

122 4222 278 4292 ἀναπλῆσαι
296 4225 363 4290 πρὶν
382 4224 511 4290 πατρίδα
530 4231 615 4289 γαῖαν
633 4223 748 4271 ἱκέσθαι
760 4261 782 4274 ..
797 4261 817 4274 ..
