2928 4886
632 371 668 432 59

112 533 250 624 πέτρας)
272 536 313 596 ob
333 535 529 595 recentiorem
552 533 696 612 originem
720 533 781 595 eius
797 535 856 596 loci
890 536 1005 595 Eadem
1027 539 1192 598 obscuritas

112 643 205 702 obvia
225 642 278 703 illo
302 644 382 721 loco,
403 644 455 702 ubi
477 643 562 702 Circe
576 641 657 703 Ulixi
672 641 815 719 praecipit
830 643 868 702 de
883 642 1013 702 Planctis
1030 646 1061 719 (μ
1082 662 1118 723 59
1136 649 1191 721 sq)

111 750 184 824 Quo
205 749 299 808 modo
321 749 399 808 enim
420 749 495 808 inter
517 769 548 808 se
571 760 762 826 opponuntur
783 779 802 818 μ
832 768 887 827 59:
921 755 1019 818 ἔνθεν
1046 756 1105 837 μὲν
1131 758 1192 835 γὰρ

113 859 232 943 πέτραι
256 867 322 915 cett«
348 868 377 916 et
400 885 420 926 tv
445 877 498 934 73²
522 867 554 925 οἳ
578 860 611 923 δὲ
638 858 703 923 delur
728 858 907 925 σκόπελοιΡ
930 858 1084 916 Transitus
1105 857 1193 934 igitur
1287 937 1290 948 ,

111 964 152 1024 ab
173 991 193 1033 μ
218 981 256 1040 54
278 965 391 1043 (fabula
413 967 451 1024 de
473 964 594 1041 Sirenis)
616 963 655 1022 ad
678 995 697 1036 μ
723 985 758 1041 73
782 965 833 1047 (de
860 965 958 1042 scylla
979 977 1007 1024 et
1029 965 1192 1042 Charybdi)

111 1071 286 1130 immutatus
320 1082 363 1130 est
394 1084 427 1131 ut
448 1072 657 1150 adiungeretur
679 1075 869 1132 Planctarum
893 1071 1019 1131 mentio:
1045 1091 1097 1148 per
1117 1090 1192 1146 quas

111 1190 214 1238 tamen
236 1179 307 1237 olim
329 1179 409 1238 idem
431 1179 612 1239 intellectum
635 1199 698 1240 esse
714 1190 805 1257 atque
821 1180 949 1256 Scyllam
968 1188 996 1237 et
1009 1177 1192 1254 Charybdim

111 1288 279 1345 Kammero
301 1306 363 1347 non
384 1287 592 1346 concedimus:
616 1287 711 1365 ipsum
735 1287 813 1346 enirn
838 1289 936 1346 obstat
956 1305 1075 1346 nomen.

154 1391 259 1469 Itaque
291 1393 401 1469 omnia,
434 1412 600 1469 quaecum
623 1398 864 1473 Argonautarum,
884 1394 982 1452 labnla
1004 1391 1069 1452 libri
1089 1419 1103 1448 κ
1126 1402 1192 1461 etp

110 1498 283 1558 communia
309 1500 429 1573 habent,
453 1518 520 1558 cum
535 1501 648 1576 reliqua
662 1510 795 1579 pugnant
810 1499 993 1574 narratione3
1011 1519 1080 1559 cum
1095 1512 1191 1559 autem

109 1605 143 1664 in
169 1605 324 1666 tractando
347 1631 363 1661 α
379 1605 536 1666 viderimus
555 1610 582 1683 1)
606 1607 821 1668 diasceuastam
843 1627 879 1668 eo
898 1625 1019 1686 quoque
1035 1627 1071 1666 ex
1086 1607 1192 1667 eudem

110 1712 213 1772 fabula
243 1713 376 1773 intulisse
399 1725 592 1782 momentum,
615 1725 850 1775 consentaneum
872 1715 989 1774 videtur
1009 1715 1084 1774 haec
1105 1714 1191 1774 etiam

109 1818 156 1878 illi
190 1813 336 1884 tribuere:
370 1839 429 1895 qua
463 1840 493 1880 re
529 1823 655 1898 probata
693 1821 825 1898 seqnitur
864 1823 970 1881 eadem
1002 1823 1099 1881 valere
1131 1841 1192 1880 non

109 1945 200 2002 posse
241 1927 281 1986 ad
320 1927 562 2004 distinguendum
600 1929 676 1988 inter
714 1929 806 1989 libros
839 1958 850 1985 t
881 1940 910 1987 et
939 1955 966 2000 κ,
992 1955 1022 1998 μ,
1057 1940 1089 1987 ut
1123 1928 1194 1987 fecit

109 2032 281 2093 Kirchhoff.

152 2140 213 2199 Sed
233 2141 284 2200 alii
306 2140 377 2200 alibi
401 2142 616 2218 separationem
638 2144 788 2202 lecerunt:
813 2140 987 2203 Heimreich
1006 2164 1034 2220 p.
1054 2163 1091 2219 23
1107 2141 1192 2202 initio

109 2246 232 2306 {abulae
253 2246 291 2307 de
313 2247 398 2307 Circe
425 2250 452 2322 (κ
471 2247 550 2327 135),
568 2247 648 2308 hisce
669 2247 833 2308 rationibus
849 2260 1010 2326 permotus,
1024 2249 1107 2324 quod
1122 2249 1192 2308 inde

109 2373 127 2412 a
148 2383 162 2411 κ
191 2372 243 2431 135
268 2366 362 2412 cessat
378 2356 522 2414 lormula:
541 2357 640 2424 ἔνθεν
661 2359 694 2422 δὲ
714 2359 861 2442 προτέρω
876 2357 1016 2441 πλέομεν
1034 2365 1102 2414 cett.
1115 2374 1192 2433 quae

109 2460 225 2538 priores
255 2460 436 2521 narrationes
463 2461 631 2540 coniungit3
654 2481 792 2521 necnon
815 2463 898 2538 quod
919 2463 989 2522 inde
1011 2461 1190 2522 narrationis

111 2578 226 2628 mutata
257 2567 391 2645 indoles,
425 2587 493 2627 cum
525 2580 645 2628 auctore
677 2569 762 2629 Circe
790 2568 893 2629 omnia
914 2581 1040 2648 agantur
1063 2581 1092 2630 et
1112 2571 1193 2630 iuxta

111 2674 233 2736 Ulixem
265 2695 301 2733 ex
331 2675 422 2734 sociis
452 2675 574 2751 quidam
614 2679 822 2753 (Eurylochus,
856 2677 1037 2752 PerimedeS,
1072 2678 1191 2748 Polites,

112 2784 257 2858 Elpenor)
289 2794 384 2858 partes
416 2795 537 2861 agentes
570 2804 637 2843 suas
668 2783 857 2844 inducantur.
900 2787 986 2844 Errat
1021 2785 1192 2845 Heiurreich

112 2889 196 2966 quod
230 2891 317 2948 etiam
349 2890 487 2949 locorum
520 2890 690 2952 interiorem
723 2893 795 2952 inde
827 2912 845 2950 a
879 2918 893 2946 κ
918 2911 971 2970 135
996 2893 1193 2968 deprehendit

110 2995 261 3054 notitiam:
284 2995 404 3056 minime
425 2998 504 3057 enirn
527 3011 649 3075 apparet
672 3019 725 3077 per
747 2999 939 3058 Thrinaciam
965 2998 1094 3058 insulam
1116 2999 1189 3058 Sici·

112 3103 184 3162 liam
211 3101 344 3170 indicari,
367 3115 398 3161 ut
420 3104 447 3163 ei
469 3105 593 3182 aliisque
616 3106 734 3182 placuit.
778 3106 876 3182 Magis
899 3115 997 3164 tamen
1020 3105 1191 3164 Heimreich

112 3211 285 3286 probandus
308 3228 397 3285 quam
420 3211 508 3270 Niese
531 3232 578 3289 pg.
604 3231 669 3286 171,
692 3213 742 3288 qui
764 3232 835 3289 prae
861 3212 968 3272 ceteris
984 3221 1042 3297 τὴν
1057 3215 1191 3280 Κυκλω-

113 3321 212 3386 arrian
236 3327 265 3376 et
286 3326 326 3385 τὰ
346 3326 418 3404 περὶ
437 3326 561 3407 Κίρκης
586 3320 749 3380 recentiora
771 3339 833 3378 esse
858 3320 931 3379 dicit
954 3332 1074 3396 propter
1088 3320 1190 3396 ampli-

113 3423 247 3483 tudinem
279 3427 469 3486 narrationis:
504 3426 591 3485 simili
624 3426 705 3486 enim
738 3439 912 3503 argumento
947 3463 983 3472 -
1019 3440 1051 3487 ut
1077 3428 1191 3486 monuit

113 3532 208 3590 Seeck
242 3565 277 3578 -
301 3529 342 3590 illi
374 3533 448 3591 liber
478 3531 590 3610 primus
627 3532 728 3592 Iliadis
760 3553 814 3611 pro
845 3535 1050 3595 recentissimo
1082 3537 1189 3594 haben·

114 3636 170 3696 dus
196 3647 281 3697 esset.
323 3641 468 3699 Kammer
498 3642 612 3698 nullum
635 3639 665 3698 in
687 3639 856 3700 narratione
880 3641 918 3700 ad
940 3641 1102 3701 Alcinoum
1125 3663 1190 3719 par·

113 3742 186 3802 tium
219 3743 379 3804 discrimen
411 3747 564 3824 agnoscit3
594 3765 682 3824 quem
711 3747 847 3823 quamvis
869 3749 1039 3808 dubitanter
1060 3748 1191 3826 sequitur

114 3846 180 3907 Sittl
210 3870 242 3936 p,
278 3869 334 3923 114
355 3868 434 3910 ‘cum
463 3853 610 3928 quosdam
642 3852 763 3928 quidem
797 3873 898 3913 versus
927 3855 959 3914 in
978 3881 992 3911 κ
1010 3882 1030 3924 μ
1049 3877 1085 3914 ex
1106 3875 1192 3933 prae-

116 3957 290 4017 cedentibus
311 3959 451 4036 repetitos
473 3978 546 4029 esse,
571 3961 624 4020 sed
645 3977 741 4037 neque
763 3961 819 4020 hos
840 3963 950 4022 multos
975 3980 1071 4042 neque
1087 3961 1190 4024 vitiose

116 4106 305 4116 *—

151 4193 173 4249 t)
192 4189 223 4240 cl.
241 4207 266 4258 p.
285 4189 326 4256 48,
345 4199 382 4241 n⁰.
404 4191 442 4244 18.
