2928 4886
172 1423 321 1502 Quotiens
341 1419 422 1484 hisce
443 1421 555 1501 peracti
576 1423 713 1483 curriculi
734 1419 911 1483 Academici
923 1423 1106 1500 temporibus
1122 1443 1207 1500 prae·

129 1541 285 1609 ceptorum
316 1530 418 1590 seriem
450 1541 550 1590 mente
582 1533 694 1603 recole,
727 1533 795 1590 Tua
831 1529 915 1606 mihi,
934 1530 1128 1590 illustrissime
1151 1549 1207 1588 van

130 1642 350 1710 Hsawaaouu,
372 1647 526 1714 promotor
546 1637 789 1705 aestimatissime,
811 1648 878 1696 ante
908 1656 1011 1697 omnes
1031 1637 1131 1714 imago
1153 1637 1210 1696 ob-

130 1757 262 1805 versatur
282 1745 394 1804 animo.
436 1744 514 1803 Nam
537 1755 695 1821 postquam
717 1745 833 1822 egregia
854 1744 1007 1822 Gymnasii
1029 1745 1114 1804 huius
1127 1744 1209 1804 urbis

129 1851 314 1912 institutione
346 1862 534 1928 praeparatus
567 1852 607 1910 ad
641 1854 686 1911 Te
715 1853 834 1923 accessi,
854 1852 994 1911 iuvenem
1017 1851 1209 1912 exstimulasti

131 1959 327 2020 admirantem
360 1961 441 2017 Tuae
469 1958 624 2018 doctrinae
645 1957 774 2035 copiam,
798 1959 959 2018 incendisti
981 1959 1125 2038 flagranti,
1148 1978 1208 2034 quo

131 2066 228 2131 ardes,
260 2084 361 2124 amore
382 2063 552 2140 litterarum,
575 2065 730 2124 devinxisti
751 2065 898 2142 perpetuis
919 2065 993 2125 Tuis
1014 2066 1210 2144 gravissimis-

130 2191 191 2251 que
226 2171 452 2231 benevolentiae
483 2170 667 2230 testimoniis.
710 2173 779 2246 Qua
811 2173 848 2231 de
882 2193 971 2232 causa
1002 2194 1072 2232 cum
1093 2184 1207 2251 gratum

131 2299 234 2339 meum
255 2277 473 2338 testificandum
494 2289 565 2352 puto
588 2278 729 2355 animum,
751 2290 813 2337 tum
835 2280 927 2357 magis
947 2280 1036 2340 etiam
1057 2291 1209 2357 optantem

132 2395 165 2446 ut
196 2386 227 2444 in
264 2385 397 2444 maximis
426 2383 500 2443 Tuis
523 2385 772 2461 occupationibus
794 2405 898 2464 pergas
920 2387 1053 2447 consiliis
1074 2399 1104 2447 et
1125 2407 1209 2464 prae·

132 2492 226 2568 ceptis
259 2512 306 2550 me
338 2491 488 2551 adiuvare.
531 2491 602 2551 Tibi
634 2491 714 2550 enim
740 2490 802 2551 scio
823 2504 891 2569 post
911 2494 988 2571 ipsas
1011 2494 1122 2554 litteras
1144 2514 1210 2571 pro·

134 2599 298 2659 movendas
329 2599 402 2658 nihil
434 2598 591 2657 iucundius
627 2617 689 2657 esse
726 2618 815 2674 quam
837 2601 998 2678 discipulos
1019 2601 1079 2661 Tui
1099 2601 1210 2679 ingenii

132 2721 224 2784 quam
253 2707 380 2767 maxime
401 2709 534 2766 aemulos
555 2707 688 2773 efficere;
710 2707 782 2765 mihi
804 2719 902 2767 autem
924 2707 997 2766 nihil
1018 2719 1116 2785 potest
1137 2728 1211 2769 con-

133 2812 245 2891 tingere
266 2813 395 2890 optatius
419 2831 508 2890 quam
532 2823 562 2872 ut
583 2816 660 2886 Tuo,
682 2814 750 2873 talis
772 2814 834 2886 viri,
856 2815 1005 2892 praesidio
1020 2818 1210 2877 confirmatus

134 2922 227 2981 enitar
258 2921 289 2980 in
323 2927 448 3008 σοφίην,
471 2922 553 2981 cuius
575 2925 622 2981 Tu
645 2923 696 2990 ἐπ’
724 2932 851 3007 ἄκροισι
877 2927 1021 3003 θοάζεις.

176 3028 248 3089 Dies
282 3030 396 3105 aliquot
430 3029 619 3105 praeterlapsi
656 3039 723 3088 sunt
755 3049 791 3088 ex
825 3048 885 3106 quo
915 3032 1015 3105 Tuae,
1050 3027 1210 3089 clarissime

134 3135 325 3195 latuerant
357 3135 408 3212 qui
440 3151 521 3196 nunc
543 3154 575 3195 es
595 3135 668 3196 rude
691 3137 825 3204 donatus
849 3135 1040 3195 institutionis
1063 3134 1210 3212 particeps

133 3241 174 3301 lui
199 3261 256 3302 nec
277 3255 375 3301 tamen
397 3259 529 3317 unquam
551 3243 700 3302 comitatis
721 3247 804 3303 Tuae
826 3242 1076 3319 humanitatisque
1099 3259 1209 3300 memo·

134 3347 177 3407 ria
208 3368 244 3408 ex
274 3348 377 3408 animo
398 3368 467 3408 meo
488 3350 616 3409 evanuit.
659 3350 776 3425 Quodsi
797 3350 870 3427 quid
892 3359 991 3427 gratae
1011 3359 1082 3407 vota
1104 3345 1211 3407 mentis

134 3465 267 3534 possunt,
302 3455 353 3515 diu
383 3454 485 3514 fruaris
515 3455 579 3516 otio
614 3459 689 3516 bene
725 3456 830 3516 merito
862 3455 1075 3533 discipulorum
1108 3473 1209 3514 amore

133 3562 251 3621 florens.

175 3671 219 3727 Te
240 3666 401 3727 clarissime
423 3669 555 3741 Wuuuu,
576 3668 627 3744 qui
650 3671 720 3729 item
743 3668 871 3728 muneris
885 3669 943 3729 Tui
958 3666 1210 3745 occupationibus

134 3777 247 3834 levatus
279 3794 322 3850 es,
349 3784 377 3833 et
411 3774 615 3835 doctissimum
637 3790 865 3854 praeceptorem
887 3788 917 3837 et
939 3787 1099 3854 patronum
1122 3778 1211 3836 bene-

136 3881 369 3942 volentissimum
401 3891 536 3957 expertus
571 3900 646 3940 sum.
688 3883 833 3956 Quotiens
854 3882 981 3960 placidis
1003 3881 1073 3942 Tuis
1094 3880 1211 3958 sapien-

136 3990 254 4066 tiaeque
276 3990 369 4067 plenis
390 3987 548 4063 colloquiis
570 3986 702 4047 animum
725 4009 822 4049 meum
845 3989 1077 4062 confirmaveris,
1100 3999 1211 4064 quanta

136 4101 219 4159 Tuae
264 4098 406 4159 bonitatis
441 4095 609 4157 testimonia
644 4096 715 4157 mihi
754 4099 880 4178 dederis,
915 4097 1083 4157 meminisse
1121 4113 1210 4173 quam

138 4226 301 4268 memorare
333 4208 412 4265 malo
424 4225 433 4280 3
466 4204 498 4264 id
530 4204 609 4273 dico,
642 4222 793 4281 nunquam
825 4210 926 4267 Tuum
958 4206 1049 4264 limen
1077 4223 1125 4263 me
1148 4221 1211 4264 esse
