2928 4886
805 359 842 433 38

286 537 390 597 Paullo
412 548 481 614 post
501 538 584 597 domi
605 557 675 597 suae
697 539 860 612 eorundem
884 541 1045 615 petulantia
1062 541 1253 600 exacerbatus
1268 543 1375 617 perni-

287 643 361 703 ciem
383 642 418 702 iis
439 642 568 702 minatur
589 649 621 720 (μ
642 647 721 721 316).
764 648 798 704 In
827 648 886 706 hoc
906 647 995 725 igitur
1016 648 1092 707 libro
1114 648 1214 708 omnia
1236 660 1319 708 recte
1341 661 1375 709 et

288 749 395 810 ordine
418 750 585 827 procedunt
607 761 636 810 et
659 752 738 811 facta
760 763 875 813 narrata
894 754 935 812 ita
950 773 1013 814 sese
1028 754 1179 831 excipiunt
1193 766 1225 814 ut
1240 773 1375 832 sequens

287 859 429 936 quodque
451 877 488 918 ex
508 877 678 936 praegresso
699 860 850 937 gignatur;
873 861 969 938 ipsam
990 879 1079 936 quam
1097 862 1200 921 dicunt
1213 863 1374 924 veritatem

287 966 532 1044 psychologicam
553 977 643 1042 poeta
666 977 695 1025 et
717 967 808 1026 sensit
831 977 860 1026 et
884 967 1033 1044 expressit.
1065 971 1135 1028 Non
1156 979 1255 1028 autem
1276 971 1375 1030 credi·

287 1073 347 1133 bile
369 1085 412 1132 est
444 1074 582 1150 eundem,
605 1074 683 1133 hanc
714 1094 832 1134 scenam
866 1083 1118 1152 praeparaturum,
1140 1075 1209 1135 satis
1230 1077 1377 1138 habuisse

287 1180 370 1259 quasi
403 1191 574 1257 excerptum
608 1181 731 1257 aliquod
751 1201 788 1240 ex
808 1182 867 1242 suis
889 1183 979 1258 ipsius
1000 1182 1133 1242 versibus
1155 1183 1314 1251 conficere,
1339 1185 1375 1242 in

287 1306 347 1364 quo
379 1289 478 1346 nullus
510 1306 682 1364 progressus
712 1287 840 1348 actionis
872 1288 934 1348 sive
962 1288 1060 1365 potius
1080 1288 1145 1365 ipsa
1166 1291 1377 1351 cumulatione

288 1414 402 1464 eorum,
426 1413 502 1470 quae
524 1393 594 1452 alibi
615 1393 659 1474 (in
676 1397 710 1470 β)
733 1394 788 1454 rite
810 1393 950 1454 distincta
971 1407 1049 1470 sunt,
1068 1415 1106 1454 ne
1120 1415 1230 1457 sensus
1245 1397 1377 1472 quidem

287 1503 416 1563 idoneus
437 1511 586 1579 appareat.
629 1501 759 1561 Accedit
780 1503 863 1579 quod
883 1505 970 1562 locus
990 1504 1022 1562 in
1048 1529 1065 1558 ιι
1088 1503 1224 1586 consistit
1246 1523 1284 1563 ex
1306 1524 1379 1565 ver-

286 1610 368 1670 sibus
398 1620 511 1686 partem
543 1607 631 1667 etiam
663 1607 693 1665 in
725 1620 746 1677 β
772 1609 941 1669 obviis-hi
973 1621 1071 1668 autern
1092 1610 1124 1668 in
1145 1634 1162 1663 a
1182 1610 1278 1670 minus
1303 1623 1377 1688 apte

288 1717 414 1777 adhibiti
445 1727 526 1788 sunt3
548 1726 580 1774 ut
603 1735 643 1774 vs
665 1728 687 1785 β
722 1718 779 1794 196
804 1725 835 1784 οἳ
861 1721 894 1785 δὲ
921 1723 1023 1803 γάμον
1048 1720 1203 1799 τεύξουσι,
1226 1716 1290 1776 sine
1312 1719 1379 1776 ulla

289 1825 474 1885 dubitatione
507 1826 544 1887 de
575 1826 749 1902 parentibus
781 1826 949 1900 Penelopae
981 1823 1094 1900 dictus3
1127 1832 1232 1882 contra
1263 1823 1378 1882 iterato

289 1950 375 1992 versu
407 1932 438 1991 in
467 1956 485 1986 α
513 1949 568 2008 277
592 1932 766 2010 ambiguum
789 1929 964 2006 relinquitur
985 1941 1081 1988 utrum
1102 1929 1145 1988 illi
1167 1929 1378 2006 significentur

290 2059 327 2098 an
342 2038 392 2118 qui
404 2059 446 2098 vs.
462 2057 520 2115 274
533 2049 807 2100 commemorantur
817 2037 900 2115 proci
912 2073 946 2082 -
957 2036 1063 2113 partim
1074 2056 1111 2096 ex
1121 2036 1255 2096 versibus
1265 2036 1378 2096 vitiose

289 2158 339 2206 aut
368 2147 551 2206 subobscure
583 2146 679 2224 factis,
711 2148 791 2205 velut
822 2171 839 2200 ιι
871 2163 926 2222 273
957 2154 1064 2229 μῦθον
1099 2146 1244 2228 πέφραδε
1279 2155 1375 2223 πᾶσι,

289 2260 386 2321 θεοὶ
423 2255 531 2320 δ’ἐπὶ
562 2263 771 2339 μάρτυροι
799 2255 929 2320 ἔστων
968 2251 1116 2310 vocabUla
1152 2250 1255 2310 ultima
1293 2254 1377 2311 male

288 2362 419 2422 reddunt
451 2363 550 2438 verba,
582 2381 659 2437 quae
689 2361 719 2419 in
752 2373 773 2430 β
802 2359 875 2419 dicit
906 2361 1102 2419 Telemachus
1128 2370 1195 2436 post
1216 2360 1377 2437 augurium

290 2473 404 2532 visum:
438 2482 460 2538 β
494 2490 530 2528 20
563 2473 625 2556 ἤδη
662 2477 722 2554 μὰρ
747 2471 786 2536 τὰ
811 2472 897 2534 ἰ’σασι
922 2474 993 2534 θεοὶ
1019 2475 1073 2534 καὶ
1099 2476 1219 2544 πάντες
1242 2472 1378 2555 Αχαιοί

291 2587 342 2638 aut
368 2589 389 2646 ν
413 2597 468 2652 143
493 2579 556 2657 ἐγὼ
582 2575 616 2642 δι’
642 2581 738 2652 θεοὺς
762 2581 963 2662 ἐπιβώσομαι
987 2584 1043 2633 etc.
1084 2575 1257 2634 Notandum
1282 2595 1377 2651 porro

290 2710 308 2740 ιι
343 2704 400 2762 ²79
436 2691 484 2751 σοὶ
518 2684 639 2767 ὅάὐτῷ
667 2684 744 2742 male
764 2683 930 2741 adhibitum
951 2679 1035 2757 quasi
1058 2679 1268 2739 antecedentia
1289 2681 1377 2740 alteri

291 2791 373 2851 dicta
397 2800 496 2852 essent
503 2812 511 2864 ;
534 2813 551 2844 ιι
572 2791 629 2848 288
651 2789 800 2865 optativus
821 2790 929 2849 modus
943 2787 974 2845 in
992 2791 1107 2872 τλαίης
1123 2796 1278 2862 usurpatus
1292 2785 1378 2846 iuxta
1441 2839 1442 2846 ,

294 2909 451 2974 sequentes
482 2896 648 2973 imperativi
681 2896 764 2956 modi
795 2899 904 2956 formas
936 2907 1038 2984 χεῦαι,
1063 2898 1231 2980 κτερεΐξαι,
1255 2897 1375 2964 δοῦναι
1440 2971 1441 2978 ¹

293 3012 361 3084 (291
388 3004 455 3085 sq),
473 3024 541 3063 cum
563 3004 740 3064 concinnius
761 3006 830 3065 loco
854 3006 995 3080 paralello
1017 3003 1048 3063 in
1063 3013 1084 3070 β
1098 3003 1260 3078 iunguntur
1274 3003 1378 3060 futura
1440 2989 1441 3074 i

291 3133 360 3172 cum
381 3112 433 3171 illa
454 3113 549 3171 forma
571 3111 703 3188 optativi.
1439 3113 1440 3202 l

334 3218 453 3294 Quodsi
484 3230 513 3277 et
544 3218 632 3277 rebus
664 3217 787 3277 narratis
818 3227 847 3276 et
872 3217 1006 3276 versibus
1027 3215 1171 3275 adhibitis
1192 3233 1282 3274 scena
1302 3213 1377 3283 intr

293 3345 426 3386 summae
449 3335 493 3384 est
516 3324 651 3401 poeticae
674 3325 799 3403 virtutis,
822 3325 907 3383 locus
921 3334 1018 3382 autem
1032 3322 1064 3381 in
1079 3346 1096 3376 ιι
1115 3322 1246 3380 vitiatam
1262 3325 1376 3381 cumul·

292 3433 392 3492 atione
426 3451 575 3510 versuum,
604 3435 682 3492 male
710 3433 828 3491 aliunde
854 3430 1022 3508 petitorum,
1045 3430 1167 3506 praebet
1187 3428 1374 3504 sententiam,

292 3539 322 3598 hi
344 3539 405 3599 loci
426 3541 508 3599 nullo
536 3540 628 3599 modo
652 3550 778 3616 possunt
798 3538 849 3597 uni
871 3539 1027 3613 eidemque
1049 3537 1152 3596 deberi
1174 3546 1298 3612 poetae;
1322 3535 1374 3596 sed

292 3648 458 3725 composita
481 3648 540 3706 iam
562 3648 612 3707 illa
634 3667 721 3707 scena
743 3649 827 3706 locus
848 3645 881 3705 in
902 3671 918 3700 ιι
938 3656 1079 3722 tanquam
1102 3644 1165 3703 eius
1186 3643 1374 3720 praeparatio

292 3756 372 3814 sacta
393 3761 455 3832 est3
478 3755 647 3814 cuiusmodi
669 3773 757 3831 supra
778 3760 839 3831 (pg.
863 3755 916 3830 21)
940 3755 1038 3831 plures
1058 3750 1256 3811 indicavimus
1278 3751 1373 3809 locos.

334 3861 419 3920 Idem
433 3863 528 3920 valere
540 3863 578 3920 de
590 3862 649 3920 alio
661 3864 730 3921 loco
739 3885 756 3914 ιι
766 3865 905 3939 374—80
914 3870 1036 3937 apparet
1047 3861 1189 3925 collatoss
1202 3877 1214 3915 1
1221 3876 1341 3933 39-14
1345 3873 1360 3932 5
1364 3877 1372 3928 ,·

294 3968 485 4045 grammatica
513 3968 592 4028 enirn
621 3979 665 4028 est
693 3968 753 4026 illic
782 3968 907 4028 offensio
929 3967 1012 4045 quod
1034 3966 1065 4024 in
1088 3991 1105 4020 ιι
1129 3964 1260 4042 sequitur
1280 3964 1370 4040 impe·

294 4076 403 4135 rativus
437 4076 608 4158 ἀλεγύνετε
641 4074 726 4155 (374)
760 4085 827 4152 post
858 4074 1034 4134 infinitivum
1068 4077 1191 4154 ἐξιέναι
1225 4083 1369 4157 μεγάρων

298 4193 326 4242 et
358 4185 441 4260 quod
464 4203 548 4243 versu
569 4185 717 4270 ὑμέτερος
742 4183 801 4250 δἐἰ
824 4190 884 4268 μὲν
909 4189 1014 4270 θυμὸς
1039 4187 1237 4268 νεμεσίζεται
1264 4183 1369 4249 αὐτῶν
