2928 4886
652 369 687 428 51

123 537 167 593 At
198 533 343 612 principia
374 543 489 593 tantum
524 531 605 591 inter
628 552 659 591 se
682 531 789 592 similia
810 542 894 592 suntr
922 533 975 592 sed
998 552 1075 611 quae
1097 531 1207 594 deinde

123 652 267 701 secuntur
297 657 417 718 prorsus
447 639 479 698 in
514 638 644 698 diversas
672 648 771 714 partes
791 639 912 708 abeunt,
944 657 1001 698 nec
1022 639 1121 698 minus
1143 649 1210 698 sunt

123 749 279 808 elaborata
299 747 329 806 in
352 771 368 801 α
389 764 479 825 quam
500 745 531 804 in
554 753 576 793 ³
595 755 624 804 et
638 744 783 822 primariis
802 745 934 804 versibus
948 763 1095 822 expressa.
1116 747 1207 805 Acce-

123 853 170 913 dit
201 855 286 932 quod
319 870 403 914 versu
431 881 448 910 α
468 873 527 930 344
551 856 670 939 ἀνδρὸς
695 859 750 919 τοῦ
777 854 870 929 κλέος
895 856 969 937 εὐρύ
993 862 1037 922 ἄν
1061 855 1209 922 Ἑλλάδα

124 963 182 1026 καὶ
206 962 303 1045 μέσον
328 961 462 1044 ’Ἄργος
487 958 551 1035 ips‘:
573 957 762 1018 diasceuasta
782 958 841 1018 alio
863 960 933 1020 loco
952 979 1022 1018 usus
1037 965 1090 1028 est,
1102 979 1210 1037 nempe

124 1073 145 1121 rt
168 1068 235 1140 726,
252 1068 321 1133 816,
344 1066 511 1126 necessario
527 1067 660 1143 paullum
675 1066 850 1126 immutato:
876 1068 1008 1142 ἐσθλόν,
1035 1077 1091 1136 τοῦ
1117 1070 1209 1148 κλέος

125 1181 213 1230 cett:
237 1191 307 1232 nam
328 1174 410 1232 hunc
433 1193 550 1233 versum
572 1173 603 1232 in
616 1182 645 1231 ,δ
664 1172 785 1232 aliunde
807 1173 922 1232 illatum
947 1192 1009 1232 esse
1024 1173 1137 1233 evincit
1150 1194 1210 1234 vox

124 1280 246 1346 tuella
278 1279 472 1339 incommode
504 1279 631 1356 repetita
661 1291 728 1355 post
760 1279 979 1340 antecedentia:
1003 1285 1021 1363 ἣ
1046 1288 1124 1366 πρὶν
1148 1289 1207 1368 μὲν

124 1393 222 1453 πόσιν
248 1387 366 1455 ἐσθλόν
393 1391 465 1447 cett.
506 1390 611 1462 Itaque
639 1405 706 1445 eam
727 1395 842 1462 partem
862 1385 906 1444 illi
928 1385 999 1445 dare
1021 1406 1083 1448 non
1106 1406 1209 1465 possu-

125 1512 206 1564 mus;
227 1513 304 1572 quae
325 1505 426 1556 tamen
449 1514 517 1553 cum
540 1513 602 1554 non
624 1493 679 1553 nisi
701 1504 810 1569 sutura,
831 1511 908 1572 quae
929 1505 974 1554 est
994 1514 1050 1554 vss.
1073 1500 1131 1572 336
1153 1515 1208 1574 sqq

124 1601 196 1668 ἀλλ’
218 1609 250 1678 ἐς
274 1600 366 1671 οἶκον
392 1610 482 1668 ἰοῦσα
508 1612 576 1660 cett.
602 1621 638 1660 ex
663 1607 689 1656 Z
709 1600 802 1678 illata,
823 1620 892 1659 cum
913 1599 1033 1677 reliquis
1048 1603 1208 1663 cohaereat

125 1718 155 1766 et
176 1709 262 1768 facile
285 1709 358 1768 alibi
383 1711 463 1768 velut
482 1709 513 1768 in
529 1709 635 1788 librop
651 1726 736 1768 suum
751 1710 853 1768 locum
867 1709 979 1768 habere
993 1707 1131 1784 potuerit,
1146 1717 1209 1767 tota

125 1835 144 1874 a
162 1815 346 1875 diasceuasta
365 1816 486 1874 aliunde
505 1816 564 1874 huc
576 1815 753 1892 transposita
768 1834 832 1875 esse
848 1825 955 1892 potest.
978 1814 1072 1889 Quod
1084 1814 1108 1873 si
1119 1814 1208 1874 nobis

125 1921 309 1982 concesseris
330 1921 404 1982 nihil
427 1932 470 1981 est
490 1942 543 1982 cur
560 1921 632 1982 olim
651 1932 719 1981 ante
740 1921 848 1983 librum
863 1921 1060 1999 aquidquam
1071 1941 1207 1999 praeces·

125 2028 197 2088 sisse
207 2039 358 2108 putemus;
372 2047 441 2088 nam
452 2029 534 2105 quod
546 2029 575 2088 in
588 2041 609 2098 β
621 2029 819 2089 Telemachus
832 2029 870 2088 de
879 2028 984 2089 itinere
995 2028 1052 2088 sibi
1066 2027 1207 2089 faciendo

124 2135 275 2212 proponit,
307 2135 339 2194 id
369 2135 556 2213 propositum
589 2169 630 2181 -
661 2147 693 2194 ut
719 2135 822 2195 docuit
844 2135 1007 2195 Kirchhoff
1025 2169 1062 2180 -
1085 2155 1122 2196 ex
1143 2136 1208 2212 ipsa

125 2241 201 2302 serie
233 2259 329 2300 rerum
360 2241 402 2303 ibi
435 2253 618 2302 narratarum
646 2242 776 2318 sequitur
799 2262 855 2302 nec
877 2240 951 2302 deus
971 2242 1134 2303 interfuerit
1156 2261 1207 2302 ne·

125 2367 209 2409 cesse
231 2358 286 2410 est.

166 2455 227 2531 Qui
248 2466 414 2533 postremus
435 2456 472 2515 de
493 2456 647 2532 Odysseae
668 2454 887 2530 compositione
906 2453 1031 2531 scripsit,
1048 2455 1084 2515 Ο.
1099 2455 1204 2528 Seeck,

124 2563 289 2624 secundum
312 2564 492 2640 peculiarem
513 2583 597 2624 suam
619 2565 657 2624 de
672 2564 777 2624 ceteris
795 2563 982 2640 opinionem,
997 2583 1087 2641 quam
1102 2572 1206 2639 postea

124 2669 325 2745 tractabimus,
352 2670 461 2729 librum
486 2695 503 2725 a
529 2690 598 2731 cum
619 2683 641 2740 β
659 2670 841 2749 coniungere
864 2669 979 2748 cogitur
1000 2679 1030 2730 et
1051 2691 1069 2730 a
1090 2669 1205 2730 ratione

124 2776 301 2837 Kirchhoffii
333 2778 489 2855 recedere3
521 2778 574 2838 sed
607 2796 676 2838 cum
707 2779 885 2857 redarguere
916 2777 1114 2855 supersederit
1142 2776 1205 2836 eius

125 2892 308 2960 argumenta,
330 2902 516 2972 nequaquam
540 2886 602 2946 eius
629 2887 807 2947 sententiam
822 2886 972 2946 sustulisse
987 2884 1136 2962 putandus
1152 2893 1204 2944 est.

166 2989 330 3067 Longiores
361 2990 470 3052 luimus
500 2992 531 3051 in
563 2993 722 3053 referendis
743 2993 1002 3069 diiudicandisque
1024 2990 1203 3051 Kirchhoffii

124 3097 163 3157 de
199 3097 277 3157 libro
306 3121 324 3152 α
356 3099 614 3160 observationibus
645 3100 715 3176 quia
747 3101 792 3160 his
825 3112 977 3176 tamquam
1006 3099 1203 3158 fundamento

123 3202 226 3263 nititur
256 3203 317 3263 eius
349 3205 485 3273 doctrina
515 3207 553 3267 (le
587 3206 789 3268 diasceuastae
821 3228 912 3285 opera
932 3207 963 3266 in
987 3205 1204 3284 compositione

125 3311 280 3387 Odysseae
312 3312 478 3389 conspicua
499 3324 528 3374 et
549 3334 567 3372 a
588 3324 742 3391 poetarum
770 3315 873 3374 labore
897 3314 1079 3391 separanda3
1114 3329 1204 3389 quam

124 3437 186 3478 rem
218 3417 290 3477 mihi
323 3419 445 3493 quidem
477 3441 607 3500 prorsus,
635 3420 700 3481 aliis
721 3431 753 3479 ut
774 3420 1004 3481 Wilamowitzio
1026 3430 1056 3480 et
1075 3419 1203 3480 Seeckio

124 3526 319 3603 aliquatenus,
348 3528 500 3603 persuasit.
544 3528 771 3589 Wilamowitzio
793 3528 967 3588 assentimur
987 3528 1203 3587 diasceuastam

124 3633 311 3711 proposuisse
326 3633 384 3693 sibi
399 3647 431 3694 ut
445 3655 542 3696 rerum
557 3635 589 3696 in
604 3636 739 3713 Odyssea
754 3636 967 3696 narrandarum
982 3637 1109 3694 efficeret
1122 3652 1203 3710 prae·

124 3740 322 3819 parationem;
337 3760 427 3817 quam
442 3746 483 3804 ob
498 3764 561 3804 rem
578 3762 683 3803 omnes
698 3743 750 3820 qui
762 3743 871 3803 deinde
882 3754 979 3819 partes
992 3760 1059 3802 suas
1070 3750 1162 3818 agunt
1173 3739 1203 3799 in

123 3848 312 3925 sequentibus
335 3884 371 3895 -
395 3851 621 3919 Telemachum,
645 3851 822 3928 Minervam,
844 3854 989 3922 Laertem,
1011 3849 1203 3925 Penelopam,

124 3953 301 4028 Antinoum,
327 3957 558 4032 Eurymachum,
587 3957 759 4034 Eurycliam
780 3992 820 4001 —
842 3975 911 4017 cum
933 3955 1031 4018 Ulixis
1051 3955 1203 4014 mentione

123 4060 302 4120 coniunctos
312 4061 440 4122 induxit.
455 4063 573 4138 Quibus
586 4073 682 4122 autem
695 4063 793 4123 modis
805 4084 890 4133 suum
902 4065 1036 4124 laborem
1047 4061 1203 4140 perfecerit

123 4189 160 4230 ex
174 4170 238 4229 libri
254 4195 272 4224 a
288 4171 506 4248 compositione
518 4170 731 4247 cognovimus:
754 4192 822 4231 cum
834 4171 943 4231 deinde
955 4171 985 4229 in
997 4169 1060 4230 aliis
1069 4169 1202 4250 partibus
