2928 4886
636 408 673 468 53

106 574 276 632 Mercurius
308 574 466 647 rettulerit;
499 605 538 617 --
560 571 631 631 inde
653 589 750 630 rursus
771 569 898 630 flectitur
921 572 959 629 ad
980 569 1193 647 exponendum

106 699 173 755 quo
207 679 300 738 modo
321 679 360 739 ad
381 680 479 740 socios
499 679 563 756 ipse
585 678 701 738 venerit
723 689 752 738 et
772 695 849 753 quae
873 687 1048 754 sequuntur.
1071 676 1132 754 Qui
1155 677 1193 738 ab

109 781 204 847 Ulixe
221 797 356 846 narrante
378 787 476 847 subito
497 785 692 863 interponitur
713 787 798 845 locus
818 811 839 852 μ
857 803 917 861 374
937 804 1017 861 eum,
1039 794 1071 843 ut
1095 802 1194 842 narra·
1278 845 1284 852 ,

107 895 224 954 tionem
256 893 447 954 divellentem
469 892 664 954 Alexandrini
686 892 780 952 critici
800 891 1012 968 interpolatum
1035 910 1099 952 esse
1122 910 1194 950 cen-

108 1012 242 1070 suerunt,
281 1001 364 1076 quod
402 1012 500 1059 tamen
535 999 680 1087 iudicium
712 998 832 1076 probari
866 997 984 1075 nequit:
1017 1017 1085 1057 nam
1117 1015 1194 1073 quae

109 1107 243 1182 sequitur
263 1117 421 1184 tempestas
443 1106 577 1184 praedici
599 1105 703 1165 debuit
720 1103 782 1166 Soli
797 1125 814 1163 a
828 1108 915 1182 Iore3
939 1116 968 1164 et
982 1104 1060 1165 Solis
1074 1105 1195 1182 querela

111 1212 269 1289 minaeque
283 1213 464 1291 praestantia
477 1231 529 1273 sua
544 1213 667 1272 minime
678 1212 925 1289 interpolatorum
936 1211 1056 1289 ingenia
1067 1210 1194 1287 sapiunt.

110 1323 184 1381 Hoc
206 1320 293 1398 igitur
313 1323 406 1381 modo
421 1320 500 1397 prior
516 1319 673 1386 difficultas
688 1353 728 1362 —
742 1317 870 1378 narratio
886 1320 956 1378 loco
969 1318 1091 1378 laudato
1106 1317 1193 1377 inter·

109 1437 250 1503 rupta-
265 1446 327 1486 non
342 1426 466 1496 tollitur;
485 1426 616 1486 nascitur
630 1445 701 1486 vero
712 1425 783 1484 inde
798 1425 899 1498 altera,
911 1424 996 1502 quod
1012 1424 1111 1484 Ulixes
1120 1443 1194 1492 rem,

110 1552 202 1609 quam
213 1533 330 1593 novisse
342 1533 403 1610 ipse
414 1553 476 1593 non
487 1533 594 1611 potuit,
603 1534 701 1593 refert.
713 1535 802 1591 Hanc
814 1534 956 1618 ἀπορίαν
969 1530 1092 1608 quidem
1105 1533 1193 1598 lum

111 1652 256 1700 conantur
274 1658 373 1700 versus
393 1669 413 1710 μ
436 1642 495 1720 389
517 1661 562 1718 sq.
594 1649 708 1708 Ταῦτα
732 1641 847 1720 δἐγὼν
872 1648 995 1724 ἤκουσα
1017 1639 1195 1726 Καλυψόος

110 1756 278 1834 ἠυκόμοιο·
314 1752 367 1816 Ἣ
401 1749 431 1817 d'
463 1752 524 1836 ἔφη
560 1751 713 1842 Ἑρμείαο
738 1750 913 1833 διακτόρου
937 1747 1018 1828 αὐτὴ
1042 1749 1193 1813 ἀκοῦσαι.

113 1856 175 1932 Qui
196 1866 296 1916 tamen
319 1876 336 1916 a
358 1875 429 1916 vero
451 1860 482 1916 et
503 1854 634 1934 genuino
652 1866 743 1932 poeta
756 1853 883 1930 proiecti
899 1871 962 1913 esse
978 1871 1040 1912 non
1054 1866 1178 1929 possunt
1185 1869 1194 1921 ;

111 1963 136 2022 is
158 1962 238 2021 enirn
259 1980 357 2039 neque
380 1964 419 2022 de
441 1961 575 2023 fontibus
598 1963 679 2022 unde
694 1980 765 2022 suae
781 1979 926 2037 personae
941 1958 1094 2020 scientiam
1110 1979 1193 2020 suam

112 2071 248 2129 hauriant
279 2080 406 2130 statuere
437 2072 513 2131 solet
540 2073 578 2144 r),
611 2088 707 2145 neque
739 2087 809 2128 vero
842 2068 881 2126 ad
914 2067 1002 2126 fidem
1025 2064 1194 2126 faciendam

113 2197 183 2236 usus
208 2188 284 2236 esset
304 2177 425 2237 fictione
447 2195 515 2236 cum
538 2193 590 2234 sua
610 2175 702 2255 ipsius
723 2174 890 2234 narratione
913 2208 950 2218 -
973 2172 1002 2232 in
1024 2172 1103 2233 libro
1125 2197 1194 2229 a·-

113 2304 177 2344 non
211 2283 395 2360 congruenti.
437 2282 650 2342 Diasceuastae
681 2281 769 2360 igitur
802 2283 856 2341 hos
889 2299 989 2340 versus
1017 2278 1194 2339 tribuendos

112 2391 188 2450 dicit
210 2391 379 2467 Kirchhoff‚
400 2389 508 2466 quibus
530 2387 697 2449 inserendis
712 2388 916 2448 difficultatem
931 2407 949 2446 a
963 2405 995 2446 se
1005 2396 1194 2462 perspectam

112 2498 144 2557 id
177 2509 221 2556 est
253 2517 271 2557 a
302 2517 332 2557 se
363 2497 493 2574 genitam
523 2498 649 2560 tolleret.
691 2497 778 2554 Illum
801 2494 890 2572 igitur
914 2493 1097 2570 culpandum
1121 2510 1194 2560 esse,

111 2606 195 2682 quod
226 2603 330 2665 Ulixes
354 2603 410 2664 sibi
430 2605 584 2681 incognita
602 2603 710 2680 refert3
731 2611 836 2661 contra
859 2601 883 2660 si
909 2600 939 2660 in
962 2619 998 2660 ea
1019 2609 1101 2677 parte
1123 2598 1194 2660 olim

111 2721 231 2789 poetam
255 2710 351 2787 ipsum
373 2713 507 2771 locutum
529 2729 593 2770 esse
608 2720 770 2769 statuamus
788 2729 845 2769 nec
863 2707 918 2768 sibi
933 2707 1023 2768 alium
1037 2727 1088 2784 per
1104 2723 1194 2784 quern

112 2829 243 2877 narraret
280 2817 472 2894 substituisse,
508 2820 632 2878 alteram
668 2816 874 2876 difficultatem
906 2817 1018 2890 abesse,
1052 2815 1194 2893 quoniam

110 2935 219 3003 poetae
240 2925 341 2984 omnia
362 2925 485 3004 cognita
506 2925 579 2998 sint3
600 2943 658 2984 nec
680 2924 809 3001 priorem
832 2923 960 3000 amplius
974 2923 1082 2982 valere.
1105 2925 1195 2997 Nam,

111 3042 144 3090 ut
175 3032 236 3090 vult
269 3031 437 3101 Kirchhoff,
470 3031 520 3108 qui
548 3050 617 3091 suos
638 3031 701 3107 ipse
722 3049 807 3090 casus
829 3041 936 3104 narrat,
969 3029 1109 3090 ordinem
1132 3047 1193 3106 quo

112 3158 166 3198 eos
197 3149 334 3215 expertus
366 3149 410 3199 est
430 3158 547 3198 servare
571 3138 661 3197 debet
681 3137 772 3196 etiam
793 3138 822 3196 in
845 3137 1013 3214 narrando3
1044 3147 1094 3196 aut
1115 3146 1194 3196 certe

111 3264 175 3306 non
206 3247 246 3304 ad
276 3246 439 3306 seeundum
469 3244 588 3305 transire
615 3245 725 3304 sactum
755 3254 914 3322 antequam
942 3243 973 3302 in
1003 3243 1100 3320 priore
1127 3262 1195 3301 nar-

111 3354 207 3414 rando
238 3354 278 3412 ad
306 3355 395 3413 finem
418 3354 567 3432 quendam
588 3351 775 3430 pervenerit3
797 3363 904 3429 poetae
925 3372 995 3412 vero
1016 3351 1071 3428 ipsi
1094 3350 1195 3410 omnia

111 3459 235 3536 fingenti
265 3470 293 3521 et
325 3460 454 3520 narranti
486 3459 638 3519 materiam
672 3479 708 3519 ex
741 3458 827 3519 omni
861 3469 940 3536 parte
960 3459 1017 3518 sibi
1041 3458 1194 3536 cognitam

111 3567 272 3644 disponere
294 3567 363 3627 licet
382 3567 424 3626 ita
447 3547 479 3628 ut
501 3567 593 3628 menti
617 3565 681 3626 eius
701 3567 781 3626 sacta
804 3566 861 3626 sibi
877 3567 1035 3627 succedere
1050 3565 1194 3629 videntur.

111 3677 243 3736 Omnem
272 3674 363 3753 igitur
384 3673 588 3735 difficultatem
609 3673 681 3733 inde
703 3682 797 3734 ortam
821 3675 988 3753 essequod
1010 3674 1195 3735 diasceuasta

109 3793 234 3860 partem,
267 3782 340 3843 olim
367 3782 453 3842 tertia
472 3800 600 3858 persona
621 3800 801 3858 expressam,
834 3799 894 3857 qua
914 3791 1005 3862 poeta
1027 3782 1089 3860 ipse
1109 3801 1195 3842 casus

147 3982 169 4040 r)
188 3975 258 4025 Talis
271 3976 406 4040 explicatio
419 3975 594 4040 grammaticis
608 3974 693 4039 potius
706 3973 901 4038 scholiastisque
914 3975 1041 4025 convenit.
1060 3976 1092 4026 Ut
1104 3974 1125 4023 si
1138 3975 1195 4040 quis

108 4067 181 4122 roget
200 4058 267 4106 unde
287 4077 301 4106 κ
324 4055 370 4106 108
388 4071 481 4105 nomeu
500 4055 578 4104 sontis
598 4056 727 4103 Artaciam
746 4055 813 4103 norit
832 4054 927 4112 Ulixes,
947 4055 1032 4104 Schol.
1045 4055 1142 4118 H.Q.V.
1162 4057 1194 4104 nd

108 4142 135 4190 lr.
162 4141 180 4189 l.
206 4140 380 4203 respondebit,
405 4134 487 4191 εἶπον
510 4135 542 4188 δὲ
562 4137 594 4188 τὸ
615 4137 698 4199 ὄνομα
716 4139 792 4205 παρὰ
810 4137 914 4204 Κίρκης
931 4138 1082 4200 μαθόντος.
1117 4139 1195 4187 Nulla

110 4235 173 4274 vero
192 4220 330 4290 explicatio
348 4221 448 4274 additur
467 4220 506 4278 iis,
526 4236 591 4290 quae
603 4220 731 4272 Eumaeus
744 4219 771 4268 iu
783 4220 872 4272 libroo
883 4221 915 4269 de
929 4236 972 4269 sua
985 4220 1092 4286 pueritia
1102 4229 1194 4268 narrat.
