2928 4886
655 333 691 404 63

123 505 274 584 agricolae
312 507 373 566 vita
394 508 590 582 praeferatur
628 517 782 565 nautarum
816 507 1007 584 occupationi
1050 511 1091 586 (p.
1125 507 1209 589 493).

123 613 286 673 Anticliam
318 631 437 689 quoque
469 612 507 670 de
540 615 645 671 Laerte
677 614 717 689 (p.
753 611 824 693 524)
856 624 884 672 et
921 616 1103 674 Telemacho
1143 635 1206 675 non

123 719 322 798 congruentia
355 738 422 778 cum
444 718 548 779 ceteris
569 721 687 793 referre,
719 740 787 778 cum
808 720 897 779 etiam
918 720 950 779 in
971 721 1048 781 libro
1069 748 1082 778 ο
1107 721 1208 781 Ulixes

123 831 293 887 Eumaeum
321 827 360 886 de
387 827 556 904 parentibus
577 826 636 886 suis
657 827 822 905 interroget
852 828 936 905 quasi
968 827 1039 887 nihil
1061 839 1150 888 antea
1167 830 1209 910 de

123 935 162 994 iis
205 935 356 994 audiverit.
399 936 576 1011 Catalogum
617 953 688 994 vero
728 934 918 994 heminarum
957 935 1113 995 manifesto
1145 955 1210 996 esse
1293 941 1295 948 “

123 1041 267 1118 rhapsodi
298 1041 423 1100 alicuius
448 1041 694 1114 additamentum,
717 1040 790 1099 nihil
815 1041 967 1117 pertinens
995 1043 1033 1100 ad
1055 1043 1209 1120 Odysseae

122 1149 258 1208 fabulam
281 1151 324 1225 (p.
347 1149 429 1225 527).
468 1146 598 1208 Omnino
622 1159 721 1207 autem
742 1147 940 1225 incongruum
963 1148 1066 1226 videri,
1088 1149 1208 1220 Ulixem

123 1257 157 1316 in
188 1257 245 1314 hac
261 1266 355 1331 parte
377 1253 445 1313 libri
466 1262 482 1310 λ
504 1272 683 1331 cognoscere
705 1273 750 1314 res
772 1256 950 1330 Ithacenses‚
965 1276 1033 1314 cum
1056 1267 1124 1332 post
1149 1258 1209 1315 VII

124 1363 250 1422 demum
286 1379 381 1420 annos
411 1361 546 1419 Ithacam
582 1341 721 1420 venturus
752 1361 797 1421 sit.
841 1360 902 1420 Sed
933 1361 1025 1438 ipsius
1056 1362 1211 1422 Kammeri

123 1469 232 1546 opinio
264 1470 301 1528 de
334 1467 456 1544 antiqua
485 1467 554 1526 libri
588 1470 730 1527 tsorma
761 1485 830 1526 cum
855 1479 922 1544 post
948 1489 990 1528 vs.
1016 1488 1051 1541 41
1080 1473 1209 1553 (ἄνδρες

122 1579 303 1664 ἀρηίφατοι
338 1579 421 1649 cett.)
455 1574 554 1633 statim
587 1576 797 1634 transeundum
831 1576 911 1634 dicat
934 1575 974 1634 ad
996 1595 1036 1634 vs.
1059 1581 1128 1652 328,
1149 1596 1210 1652 quo

125 1684 232 1745 Ulixes
263 1683 416 1762 significat,
446 1702 476 1741 se
498 1693 620 1759 propter
642 1683 745 1741 horam
770 1696 942 1758 provectam
963 1683 1051 1740 finem
1072 1683 1211 1742 narrandi

122 1777 284 1864 facturum,
307 1789 412 1849 merito
436 1788 508 1847 mira
530 1788 624 1847 videri
647 1788 746 1846 debet.

171 1897 251 1956 Huic
287 1897 368 1956 enim
401 1896 424 1955 si
457 1897 615 1963 credimus,
646 1895 751 1956 Ulixes
773 1894 902 1953 narravit
924 1914 954 1954 se
977 1915 995 1954 a
1018 1895 1114 1955 Circe.
1130 1885 1220 1955 nulla*

124 2004 245 2064 adiecta
283 2002 393 2062 itineris
432 2022 521 2062 causa
555 2003 593 2061 ad
630 2001 740 2061 inferos
770 2000 892 2060 missum
926 2002 1041 2061 animas
1072 2020 1213 2080 superve-

123 2111 243 2172 nientes
277 2109 441 2187 aspexisse3
472 2129 530 2168 nec
559 2129 629 2168 vero
652 2111 728 2168 ultra
748 2127 918 2186 progressus
940 2109 1077 2186 precibus
1098 2120 1212 2168 tantum

124 2218 251 2278 Alcinoi
283 2228 433 2294 permotus
469 2197 622 2292 respondit
660 2219 750 2292 longe
784 2215 997 2276 miserabiliora
1029 2235 1146 2275 narrare
1183 2236 1213 2275 se

123 2326 205 2385 velle
228 2333 243 2380 λ
266 2325 321 2400 381
352 2327 433 2397 (cum
454 2333 555 2382 tamen
577 2321 651 2382 nihil
673 2322 841 2382 miserabile
863 2321 1064 2398 antecesserit)
1071 2345 1079 2397 ;
1102 2323 1212 2382 deinde

123 2433 266 2508 exposuit
297 2431 463 2508 quomodo,
495 2428 651 2500 mulierum
677 2429 784 2487 animis
804 2429 911 2506 fugatis
933 2465 974 2474 -
994 2431 1091 2488 nullas
1112 2438 1212 2488 tamen

123 2538 265 2598 mulieres
298 2557 352 2596 suo
384 2535 461 2596 libro
496 2543 511 2590 λ
543 2535 653 2612 recepit
687 2539 904 2624 Kammer'-
935 2536 1111 2596 accesserint
1133 2539 1213 2614 Aga-

123 2663 251 2704 memno
274 2643 424 2719 ceterique
448 2641 477 2724 <t
499 2644 580 2721 385).
616 2642 666 2701 Ad
687 2646 776 2702 talem
798 2643 936 2702 carminis
959 2642 1212 2716 constitutionem,

123 2769 206 2830 quae
226 2751 306 2808 haud
328 2751 436 2826 probat
459 2752 653 2808 Kammerum
675 2751 742 2825 plus
764 2747 796 2808 in
811 2749 896 2825 poesi
911 2748 1095 2809 aestimanda
1109 2769 1211 2826 sapere

122 2877 219 2934 quam
252 2877 304 2916 eos
337 2874 412 2932 quos
445 2855 544 2914 multis
566 2855 641 2915 locis
662 2856 859 2932 reprehendit,
880 2855 997 2916 illorum
1020 2856 1103 2915 ducit
1124 2855 1210 2930 ratio,

123 2966 179 3042 qui
204 2963 428 3023 difficultatibus
447 2963 478 3021 in
498 2961 605 3037 quibus
626 2961 687 3021 iure
710 2963 898 3022 offenderunt
920 2962 1060 3022 tollendis
1081 2963 1211 3042 singulos

124 3074 216 3132 locos
249 3071 366 3144 eiciunt,
400 3072 483 3145 quasi
515 3089 584 3129 vero
617 3080 679 3128 turn
712 3069 825 3147 reliqua
858 3072 936 3130 bene
966 3071 1133 3147 procedant
1161 3080 1211 3128 aut

124 3197 221 3238 unum
249 3179 435 3255 simplexque
467 3197 585 3236 carmen
619 3176 766 3250 efficiant;
788 3196 913 3255 quorum
938 3188 970 3236 ut
991 3197 1142 3256 arguerem
1164 3198 1210 3236 ra·

124 3288 240 3348 tionem
262 3287 396 3364 pluribus
418 3285 517 3346 verbis
537 3285 609 3344 mihi
630 3285 785 3344 Kammeri
805 3285 950 3344 sententia
971 3285 1125 3345 tractanda
1146 3283 1210 3343 fuit.

125 3398 230 3454 Pauca
265 3393 413 3452 sufficiunt
444 3393 482 3451 de
515 3391 610 3452 Sittlio
642 3412 672 3469 p.
708 3411 774 3470 119,
807 3392 848 3451 ob
881 3393 1020 3469 exiguum
1056 3411 1210 3450 numerum

126 3519 266 3562 versuum
297 3501 417 3560 aliunde
448 3498 605 3576 petitorum
640 3518 717 3574 quos
748 3499 777 3557 in
809 3505 825 3554 λ
856 3498 979 3572 notavit,
1004 3500 1083 3558 hunc
1105 3498 1211 3557 librum

126 3609 168 3668 ad
188 3608 410 3686 antiquissimas
431 3617 528 3684 partes
550 3607 702 3682 Odysseae
725 3605 871 3681 pertinere
893 3606 1059 3666 affirmanti.
1100 3607 1213 3667 Contra

126 3716 220 3776 Niese
246 3737 272 3792 p.
301 3719 357 3774 166
383 3726 450 3773 cett.
473 3723 533 3799 τὴν
558 3717 693 3782 νέκυιαν
717 3711 906 3778 Telemachia
920 3713 1116 3772 recentiorem
1131 3712 1212 3786 dicit,

128 3822 202 3900 quia
232 3822 264 3881 in
296 3842 332 3881 ea
357 3822 466 3881 caedes
487 3841 647 3898 procorum
670 3820 851 3898 praedicitur
871 3839 947 3897 quae
968 3821 1072 3880 addita
1092 3820 1214 3878 demum

129 3931 325 3990 Telemachia
353 3930 382 3989 in
415 3930 578 4007 Odysseam
610 3928 692 3988 illata
711 3927 772 3988 sit.
814 3929 860 3986 De
892 3929 951 3986 hoc
978 3937 1008 3986 et
1035 3926 1073 3986 de
1107 3924 1213 3984 ceteris

131 4038 257 4114 posthac
289 4036 468 4114 videbimus;
500 4046 631 4096 ceterum
663 4052 732 4093 cum
759 4032 984 4093 Wilamowitzio
1007 4051 1036 4108 p.
1060 4051 1114 4104 141
1139 4040 1210 4091 cett.

132 4143 395 4204 animadvertimus
429 4142 602 4202 vaticinium
637 4141 767 4200 Tiresiae
803 4152 831 4200 et
863 4138 1029 4200 necessario
1066 4138 1213 4219 pertinere
