2884 4880
587 375 641 437 105

108 541 173 616 (ΙΙΙ),
195 536 256 597 dicit
278 556 395 597 carmen
413 538 579 613 quoddam,
612 559 648 599 ex
668 555 728 615 quo
751 537 782 597 in
805 537 939 616 Odyssea
959 535 1071 614 recepti
1091 535 1151 598 sint

107 644 164 704 libri
190 652 244 708 ε-ε
273 654 301 704 et
331 644 425 704 maior
450 664 517 722 pars
542 665 644 706 eornm
670 663 746 724 quae
772 653 932 721 sequuntur
959 661 1052 719 usque
1067 643 1105 704 ad
1119 663 1149 710 u.

105 754 164 810 Hoc
183 769 289 812 carmen
311 762 342 811 ut
362 751 601 829 antiquissimum
622 753 662 812 ita
683 772 744 814 non
766 771 858 812 unum
873 771 930 812 nec
948 751 1083 829 simplex,
1097 751 1150 812 sed

101 858 183 935 ipsum
201 878 230 918 ex
249 859 292 918 IV
313 858 496 918 carminibus
517 871 621 920 natum
643 879 706 920 esse
730 869 847 938 censet3
869 875 995 936 quorum
1024 856 1149 935 primum

99 967 122 1038 (Ι
129 967 150 1040 Ι)
170 964 247 1042 egerit
267 964 306 1024 de
328 965 414 1025 Ulixe
438 965 518 1042 apud
537 969 674 1040 Aeolum,
689 970 915 1045 Laestrygones,
930 965 1057 1041 Circem,
1072 963 1147 1024 Sire-

96 1090 151 1146 nas,
178 1072 293 1148 Scyllam
326 1071 566 1151 Charybdimque
599 1072 737 1148 versanti,
771 1073 809 1132 de
841 1073 938 1132 bobus
960 1070 1037 1132 Solis
1061 1071 1161 1130 etde

93 1179 170 1238 rebus
195 1178 440 1252 Phaeacensibus;
472 1199 562 1257 quem
594 1181 790 1241 recentiorem
823 1186 956 1248 Νύσιον
992 1177 1151 1238 Kirchhofl

90 1284 238 1362 appellavit.
280 1285 448 1344 Secundum
484 1289 543 1360 (1²)
575 1307 696 1348 carmen
720 1289 839 1365 epicum
861 1288 1006 1364 singulare
1028 1305 1091 1346 esse
1112 1285 1149 1344 de

89 1393 214 1469 Calyps0,
245 1391 283 1452 de
315 1391 403 1452 Ulixe
430 1395 585 1473 naufrago,
606 1396 644 1454 de
666 1396 846 1460 Leucothea.
873 1393 1007 1454 Tertium
1028 1396 1088 1467 (1³)
1109 1393 1148 1452 de

85 1499 166 1560 Ulixe
185 1516 247 1557 suos
269 1517 352 1558 casus
375 1500 517 1578 narranti,
538 1519 614 1578 quae
638 1521 796 1580 perpessus
819 1501 856 1560 sit
877 1501 955 1578 apud
982 1501 1148 1578 Cyclopem

82 1616 110 1664 et
138 1604 167 1663 in
187 1605 368 1665 consulendo
390 1605 513 1666 Tiresia.
556 1611 742 1669 Postremum
769 1611 826 1684 (1⁴)
848 1627 910 1668 esse
933 1627 1053 1667 carmen
1077 1625 1146 1666 con·

79 1715 172 1775 tineus
192 1714 438 1800 draynmpmpdn
463 1717 559 1780 Ulixis
580 1728 608 1778 et
622 1718 789 1794 Penelopes
804 1726 833 1776 et
845 1714 969 1775 caedem
988 1733 1147 1793 procorum

76 1846 151 1903 quae
186 1827 243 1887 iam
279 1829 407 1889 evanuit.
451 1830 536 1888 Haec
568 1825 673 1884 ultima
708 1824 751 1903 (Ι8
787 1833 816 1882 et
850 1824 915 1900 1⁴),
945 1820 1148 1898 antiquissima

73 1932 160 1992 totius
190 1934 349 2013 Odysseae,
384 1935 457 1996 olim
491 1932 776 2010 quomodocumque
809 1929 976 1990 cohaesisse
1008 1929 1147 1990 Wilamo-

68 2039 164 2099 witzio
196 2040 347 2101 videntur:
379 2060 460 2104 nunc
491 2040 552 2100 iam
574 2056 666 2098 nexus
689 2037 740 2114 qui
762 2037 815 2097 fuit
838 2036 967 2115 periisse.
1009 2039 1052 2097 Ut
1072 2036 1146 2095 illud

65 2167 186 2208 carmen
216 2151 240 2226 1,
263 2148 303 2210 ita
325 2169 448 2209 carmen
467 2150 496 2208 ΙΙ
518 2164 638 2224 quoque
661 2165 697 2205 ex
720 2144 939 2223 antiquioribus
963 2143 1146 2213 carminibus

62 2265 248 2314 contractum
271 2275 332 2316 esse
356 2257 510 2332 probabile
531 2255 560 2314 ei
580 2253 705 2312 videtur.

103 2360 188 2420 Haec
220 2373 264 2421 est
295 2362 442 2422 sententia
464 2359 692 2435 Wilamowitzii,
714 2357 744 2417 in
769 2376 828 2436 qua
849 2358 933 2435 quod
955 2357 994 2417 de
1015 2356 1146 2417 carmine

54 2469 104 2526 III
127 2468 203 2528 dixit
227 2468 334 2528 iniuria
355 2470 467 2529 dictum
490 2488 553 2528 esse
574 2466 852 2540 animadvertimus,
873 2484 941 2524 cum
963 2465 1143 2541 quibusdam

50 2575 220 2635 momentis
242 2576 372 2637 narratio
394 2577 538 2637 librorum
550 2557 635 2644 ιψ-ιιι
650 2572 805 2634 continuet
820 2573 1018 2632 narrationem
1036 2571 1104 2631 libri
1116 2596 1141 2631 τ.

45 2680 111 2740 Sed
131 2679 164 2740 in
187 2681 359 2743 universum
381 2703 443 2742 non
466 2684 564 2760 placet
585 2681 673 2741 nobis
694 2679 756 2739 eins
778 2679 894 2756 opinio,
919 2677 1141 2755 primumquod

45 2787 129 2847 iusto
173 2790 295 2866 saepius
328 2791 484 2850 artificium
514 2789 661 2850 variorum
684 2787 848 2848 carminum
870 2785 1141 2847 contrahendorum

45 2892 227 2952 adhibitum
259 2914 321 2954 esse
344 2897 420 2969 vult;
451 2915 519 2954 nam
540 2895 694 2975 distinguit
716 2896 792 2955 inter
813 2893 1029 2954 diasceuastam
1050 2891 1141 2952 totius

45 2999 211 3076 odysseae
244 3012 273 3060 et
303 3002 395 3076 illum,
427 3002 479 3080 qui
511 3003 642 3062 carmina
680 3009 750 3066 ε-Ε
783 3005 820 3077 (Ι)
852 3000 1040 3071 contraxerit,
1071 3018 1140 3058 cum

45 3117 176 3184 iterque
202 3119 305 3168 tamen
328 3108 457 3168 eundem
479 3109 588 3186 agendi
608 3108 734 3169 modum
752 3120 872 3168 secutus
886 3127 950 3168 esse
965 3106 996 3166 in
1011 3127 1137 3185 compo·

46 3212 157 3274 itione
195 3218 348 3293 putandus
374 3217 410 3276 sit
417 3239 425 3291 ;
448 3227 564 3276 suturae
586 3215 665 3276 enirn
690 3215 840 3294 utriusque
860 3214 986 3276 eandem
1006 3214 1139 3276 indolem

45 3321 170 3379 abent.
222 3322 345 3382 Deinde
367 3323 473 3383 mirum
497 3323 590 3383 videri
612 3333 708 3400 potest
731 3323 755 3383 si
779 3323 838 3382 iam
853 3323 1140 3402 carminaperpetua

45 3433 215 3498 xstarent,
252 3432 339 3504 quale
367 3441 409 3490 est
431 3433 474 3503 1³,
495 3431 602 3490 eodem
624 3440 723 3490 tamen
747 3439 881 3507 tempore
902 3430 987 3508 epica
1007 3431 1139 3492 carmina

46 3534 213 3611 ngularia
247 3535 513 3613 („Einzellieder'’)
534 3548 566 3596 ut
587 3538 617 3596 1²
643 3536 673 3595 in
695 3536 840 3598 memoria
861 3537 1018 3598 hominum
1040 3539 1138 3601 fuisse.

45 3651 206 3700 pstremo
246 3640 328 3701 idem
360 3654 464 3703 contra
498 3643 716 3704 Wilamowitzii
748 3644 924 3704 sententiam
945 3648 1034 3722 valet,
1055 3649 1138 3725 quod

45 3755 139 3806 »ntra
168 3750 401 3810 Kirchhoffium
423 3751 518 3811 attulit
541 3753 696 3829 Steinthal,
720 3773 782 3813 non
803 3753 865 3813 veri
880 3753 975 3814 simile
987 3774 1051 3814 esse
1063 3755 1137 3816 dias·

50 3865 199 3915 uastam
227 3857 383 3918 materiam
405 3859 481 3919 adeo
504 3860 679 3937 dispersam,
704 3861 851 3922 variarum
874 3873 1006 3922 aetatum
1031 3863 1135 3923 carmi·

45 3962 111 4020 bus
137 3964 344 4041 longioribus
359 3967 544 4028 brevioribus
560 3971 819 4046 comprehensam,
839 3967 984 4029 adhibere
996 3969 1136 4046 potuisse.

45 4068 153 4126 rodsi
185 4070 391 4132 Wilamowitz
412 4091 532 4149 quoque
553 4075 668 4136 felicior
693 4077 747 4135 fuit
768 4077 799 4136 in
816 4075 992 4136 dirimendis
1004 4078 1136 4153 partibus

47 4193 113 4232 am
144 4175 186 4235 in
208 4179 425 4242 constituenda
439 4181 562 4262 antiqua
576 4182 727 4266 Odysseae
742 4163 847 4254 forma,
862 4195 961 4250 tamen
975 4183 1136 4272 ingeniosis
