2884 4880
575 435 628 472 121

54 595 163 662 Velut3
212 600 315 677 ἕκτος,
362 599 433 683 ἔξω,
470 599 573 683 λέχος,
608 599 757 680 λέκτρον,
792 600 858 674 καί,
892 599 1000 679 τείιω)
1042 604 1146 654 tamen

47 702 272 761 Felemachiae
305 707 424 780 propria
456 705 545 762 fuisse
580 713 609 764 et
637 725 654 760 a
682 703 801 778 reliquis
829 702 1010 760 carminibus
1039 701 1152 760 afuisse

47 807 190 866 iicenda
218 829 279 868 non
301 820 377 870 sunt.
414 811 483 870 Alia
504 811 627 888 quidem
649 811 704 870 sub
726 812 740 868 I
762 819 875 867 tanturn
899 819 977 881 sunt,
1000 808 1053 866 sed
1076 808 1147 866 inde

47 915 195 972 :lerivata
227 919 275 975 vel
305 917 436 976 eiusdem
468 917 564 993 stirpis
598 917 740 975 societate
763 913 925 974 coniuncta
947 914 1036 972 etiam
1058 913 1087 972 in
1110 917 1148 970 B*

47 1031 241 1088 occurrunt;
273 1031 306 1078 ut
343 1027 506 1101 ρῖλάῃμος
541 1021 600 1099 (Bb)
634 1025 704 1081 coll.
727 1041 795 1079 eum
819 1021 917 1106 ἐλάτη
954 1023 979 1092 (ε
1002 1040 1060 1095 239
1085 1018 1148 1098 Βῑ),

47 1127 203 1193 ἔνδοθεν
227 1125 288 1202 (Bb)
311 1131 380 1187 coll.
403 1150 471 1188 curn
497 1133 610 1197 εἰδόθι
633 1131 654 1198 (⁶
675 1145 731 1204 517
757 1126 821 1201 3⁸),
844 1129 973 1212 λωβεύω
996 1124 1061 1204 (Bb)
1080 1145 1148 1183 011¹ss

48 1233 147 1316 λωβιί
185 1234 256 1306 (3²),
286 1237 419 1300 ὀιστεείω
442 1233 503 1308 (Bb)
525 1255 594 1293 cum
616 1239 721 1311 ὀιστὸς
746 1236 824 1315 (Α),
852 1235 970 1318 κέρδει
994 1230 1057 1312 (Bb)
1079 1251 1148 1290 cum

49 1341 201 1420 ἔνερθεν
234 1368 244 1394 ι
275 1345 331 1416 385
366 1346 425 1416 3³²),
458 1348 577 1426 όρμίζω
610 1340 671 1413 (Bb)
703 1358 771 1397 Cum
803 1344 934 1426 ἕῑίθρμθς
967 1343 987 1414 (⁶
1020 1337 1149 1415 13631)

48 1447 236 1530 ὑπέρτερος
258 1447 319 1520 (Bb)
341 1469 409 1508 cum
431 1452 683 1534 παιοπέρτατος
706 1453 726 1520 (ι
748 1464 783 1522 25
807 1447 865 1524 Bst),
892 1461 1062 1531 φάρμακον
1087 1447 1153 1522 (Bb)

53 1573 131 1610 cum
156 1561 332 1638 φαρμάσσω
351 1553 372 1633 (ι
394 1576 451 1631 393
474 1556 524 1630 Bt)
541 1566 609 1614 cett.
630 1558 709 1613 Tum
725 1556 817 1612 multa
831 1574 945 1631 eorum,
959 1574 1036 1630 quae
1052 1555 1148 1613 Seeck

53 1662 277 1720 Telemachiae
309 1662 428 1738 propria
460 1662 541 1735 dicit,
576 1663 668 1719 semel
700 1671 750 1720 aut
771 1661 818 1719 bis
840 1672 955 1720 tanturn
978 1671 1152 1734 occurrunt,

55 1767 147 1842 quod
182 1767 262 1826 illius
293 1769 408 1827 ratione
432 1770 614 1826 obscuratur.
659 1769 748 1826 Velut
769 1769 800 1824 in
822 1769 917 1825 verbo
939 1772 1040 1847 ἀκουή
1063 1765 1148 1824 addit

56 1876 165 1932 locos:
188 1887 210 1942 ,κ
230 1879 287 1949 308
312 1881 330 1929 δ
351 1894 405 1948 701
431 1901 443 1930 ε
466 1895 501 1954 19
523 1885 536 1939 ε
559 1894 615 1952 179
638 1903 653 1949 ρ
674 1896 711 1949 43
737 1907 773 1916 -—
797 1885 827 1932 at
847 1873 877 1931 hi
900 1861 1169 1949 onrnesprouno¹

59 1990 149 2038 sunt:
174 2000 236 2039 non
258 1981 336 2040 enim
359 1981 413 2040 nisi
426 1982 458 2039 in
473 1981 659 2040 hemistichio
675 1982 773 2062 φίλου
789 1989 869 2065 μετὰ
886 1987 1009 2065 πατρὸς
1026 1981 1150 2061 οἰκουηκ

62 2100 116 2144 aut
137 2090 332 2171 W’dyavof,
358 2096 479 2172 πατρὸς
504 2095 626 2173 άκηηηο
659 2089 710 2146 illa
733 2108 790 2147 vox
813 2088 948 2145 occurrit.
993 2089 1150 2145 Postremo

64 2194 150 2267 quod
182 2209 264 2272 urget
286 2198 380 2255 Seeck
402 2196 599 2270 frequentiam
620 2196 652 2253 in
675 2195 714 2254 Bb
737 2196 897 2254 verborum
919 2213 996 2268 quae
1019 2194 1150 2269 epitheta

66 2302 205 2359 ornantia
238 2303 387 2373 dicuntur,
420 2303 718 2362 animadvertendum
752 2313 796 2360 est
829 2302 944 2377 singula
976 2313 1027 2359 aut
1048 2302 1151 2376 paucis

66 2407 232 2466 admodum
250 2409 323 2468 loeis
337 2429 492 2468 occurrere
509 2413 553 2485 (ut
569 2413 735 2494 ἐάδμητος,
751 2412 938 2494 εὐρδπορος,
953 2410 1153 2483 θεοείκελος,

69 2515 345 2599 καλλιπλόκαμος,
372 2525 512 2601 κρυερος,
538 2519 700 2592 λαόσσοος,
728 2516 908 2599 λοσεμελης,
931 2518 1049 2600 μέροιμ,
1076 2520 1152 2580 κατί-

70 2618 175 2701 λοχος,
201 2629 324 2701 κὼροφ,
346 2621 544 2705 πλησίστιος,
577 2620 670 2677 multa
702 2637 770 2675 cum
801 2619 884 2685 πολυ
906 2639 947 2661 -“
969 2619 1153 2694 composita)

71 2735 122 2779 aut
152 2724 386 2798 frequentissime
418 2724 555 2784 adhibita
577 2745 640 2784 esse
662 2725 692 2782 in
715 2724 909 2810 Telemachia
931 2742 1007 2800 quae
1030 2723 1152 2800 proprio

72 2829 192 2886 nomine
213 2830 257 2888 sic
278 2830 386 2889 dicitur
406 2831 425 2888 i.
447 2851 472 2890 e.
494 2832 525 2888 in
548 2831 631 2890 libris
652 2835 751 2913 α-δ,
770 2859 797 2913 0,
816 2861 845 2914 v,
864 2861 898 2903 ω,
916 2834 959 2903 (ut
974 2835 1155 2915 διοτρρφης,

74 2939 291 3020 δουρικλειτὸς
333 2938 508 3015 Μενέλαος
546 2938 607 3005 bis.
642 2945 800 3022 Πείραιος
841 2939 1051 3022 δουρικλυτός
1089 2936 1153 3007 bis,

76 3051 229 3130 αἰθούσης
248 3048 452 3129 ἐριδούπουο
472 3066 525 3123 191
542 3070 559 3117 η
576 3062 633 3120 345
650 3073 666 3116 ν
684 3066 742 3122 399
760 3071 776 3101 v
799 3047 865 3119 176,
885 3048 940 3118 139
957 3049 1155 3127 ἐριγδούπου

77 3156 165 3224 πόσις
187 3149 295 3236 Ἥρης
319 3161 344 3215 δ
368 3155 464 3228 465⁰
499 3154 567 3225 146,
602 3152 658 3209 180
680 3155 905 3236 ὀβριμοπάτρη
930 3180 951 3215 α
977 3169 1031 3206 101
1057 3175 1073 3218 ν
1098 3165 1150 3224 135

78 3279 97 3309 ⁰¹
124 3274 178 3330 540
199 3263 331 3342 ὄτρηρος
365 3279 391 3318 a,
411 3257 461 3336 δ),·
493 3260 596 3317 abesse
628 3276 699 3315 vero
731 3269 781 3314 aut
813 3275 872 3314 non
903 3268 963 3313 tam
986 3256 1155 3328 frequenter

79 3362 205 3436 usurpari
229 3362 260 3420 in
281 3363 366 3422 libris
387 3373 460 3437 ε-ε,
486 3382 612 3439 quorum
636 3376 735 3424 tamen
758 3364 864 3422 multas
884 3373 982 3439 partes
1004 3363 1042 3420 ad
1067 3363 1154 3420 Tele

82 3467 220 3525 machiam
251 3470 358 3527 referat
388 3472 489 3529 Seeck.
533 3473 648 3531 Contra
680 3489 769 3546 quern
794 3472 872 3528 valet
891 3469 974 3544 quod
995 3469 1027 3527 in
1049 3465 1154 3527 libro]

81 3575 131 3649 (ad
152 3573 187 3630 Β1
203 3574 368 3633 secundum
383 3575 541 3635 Seeckium
553 3576 722 3652 pertinenti)
736 3587 895 3635 occurrunt
906 3594 1016 3649 magno
1030 3594 1154 3635 numero

83 3681 203 3758 epitheta
231 3694 262 3740 111
293 3687 468 3760 εἰιδείελος,
507 3688 679 3770 ἐυκοημίς,
715 3686 938 3766 ἐυπλόκαμος,
965 3685 1153 3764 εἰίσσελμος,

85 3790 280 3873 interluente,
318 3795 484 3874 ἐυερμης,
505 3794 695 3875 ἐοστρεφής,
729 3797 901 3876 ἐοτρεφης,
935 3791 1155 3872 οίμφιέλισσαι,

86 3899 249 3982 γλαφυρὸς,
280 3894 508 3983 μιλτοπάρῃος.
547 3905 790 3983 κυαιοπρῳρος,
827 3897 997 3971 εἱλίποδες,
1034 3895 1152 3970 ἕλικες,

87 4007 226 4088 μηκάδες,
252 4008 419 4088 ορεσιιςοος,
447 4008 540 4084 πίων,
562 4007 778 4089 ὀρεσίτροφος,
796 4004 1015 4088 καλλίτριχος,
1034 4002 1153 4075 λάσιος,

90 4117 253 4193 εἰρότιοκος,
290 4116 491 4186 τακαείποσς,
525 4117 710 4186 θεσπέσιος,
743 4111 906 4195 μελιηδής,
933 4108 1156 4192 ἐριστάφυλος,

90 4225 229 4298 ἄφθιτος,
251 4219 385 4299 ἄγλαος,
411 4219 490 4294 δῖος,
516 4217 764 4303 ῥοδοδάκτυλος,
782 4217 958 4299 ἠριγένεια,
975 4222 1153 4298 μειοεικης,
1234 4237 1240 4251 ·
