2928 4886
637 401 671 460 ²5

109 577 178 627 sunt
213 565 281 625 libri
320 566 338 615 δ
377 567 457 638 finis,
495 596 507 626 ε
547 568 679 640 initium,
721 575 743 621 θ
780 566 863 634 finis,
896 568 996 629 media
1026 591 1094 647 pars
1124 568 1190 628 libri

103 711 119 740 v
144 675 343 753 (303-386),
374 673 491 733 initium
523 675 590 735 libri
622 703 646 754 o,
678 699 693 748 ρ
728 675 796 737 finis
830 685 860 735 et
888 676 1013 746 initium,
1044 677 1190 754 posterior

103 804 173 862 pars
204 783 273 842 libri
305 808 331 849 a,
364 804 379 835 υ
413 792 508 842 totum
540 785 612 858 fere,
643 783 743 842 media
771 803 839 860 pars
870 782 938 843 libri
970 811 988 859 χ
1019 817 1059 830 -
1090 795 1122 844 ut
1151 785 1190 844 de

102 892 190 952 libris
221 914 238 944 α
272 901 301 950 et
333 916 346 944 ο
380 908 463 948 nunc
494 890 616 965 quidem
651 889 807 962 sileamus3.
832 925 870 936 -
899 910 973 969 quas
997 903 1094 968 partes
1122 908 1190 952 cum

102 999 316 1076 perlustramus
347 1017 434 1076 aegre
464 997 555 1057 nobis
586 998 799 1073 persuademus
826 1018 894 1057 eurn
917 1008 1038 1074 poetam
1059 998 1110 1075 qui
1134 999 1189 1076 Cy·

103 1105 236 1182 clopiam
256 1117 307 1165 aut
326 1105 378 1180 qui
401 1103 498 1166 Ulixis
521 1114 549 1164 et
570 1105 736 1180 Penelopes
751 1105 936 1182 colloquium
953 1115 1133 1166 nocturnum
1150 1109 1190 1182 (τ)

102 1211 217 1272 cecinit
236 1211 277 1270 ad
298 1221 411 1270 tantam
432 1210 619 1271 debilitatem
636 1211 917 1290 neglegentiamque
931 1212 1029 1272 delabi
1044 1213 1189 1290 potuisse:

101 1337 181 1394 quae
225 1318 413 1395 neglegentia
445 1320 492 1377 vel
525 1317 557 1377 in
589 1317 769 1396 imaginibus
801 1338 907 1395 parum
943 1331 1012 1397 apte
1047 1320 1190 1380 adhibitis

102 1435 255 1502 spectatur
279 1431 316 1501 1).

145 1534 312 1607 Hucusque
323 1530 498 1608 collegimus
508 1550 544 1590 ea
556 1530 636 1604 vitia,
647 1539 776 1607 quorum
788 1542 924 1592 naturam
935 1532 977 1592 ita
987 1533 1189 1611 Sengebusch‚

102 1639 185 1698 Diss.
198 1641 289 1698 Hom.
301 1640 333 1698 II
349 1657 397 1715 pg.
410 1637 449 1696 88
460 1637 620 1714 expressit:
643 1639 733 1708 „Tria
744 1638 866 1716 reperiri
878 1639 909 1698 in
922 1650 1047 1716 utroque
1059 1641 1190 1700 carmine

102 1757 158 1806 aut
171 1745 233 1804 iam
247 1764 351 1805 omues
362 1755 412 1804 aut
422 1747 520 1822 plures
532 1745 739 1807 consentiunt:
762 1747 852 1806 alium
864 1745 928 1806 aliis
940 1747 971 1806 in
987 1747 1120 1822 partibus
1131 1767 1189 1808 ser·

105 1851 208 1912 monis
219 1853 363 1928 colorem,
371 1869 465 1911 rerum
477 1863 659 1912 narratarum
671 1852 886 1930 discrepantias
896 1857 1069 1931 permultas,
1077 1866 1191 1916 suturas

102 1979 170 2020 non
192 1957 334 2037 paucas”
359 1960 418 2019 Sed
441 1978 501 2018 una
522 1977 616 2034 eaque
640 1961 740 2038 magni
761 1962 907 2021 momenti
922 1981 969 2022 res
983 1961 1123 2022 addenda
1137 1971 1189 2021 est.

149 2069 202 2124 VI.
245 2065 388 2126 Carmina
409 2065 574 2126 Homerica
595 2065 627 2125 in
649 2067 709 2126 hoc
730 2068 904 2144 conspirant
928 2086 996 2127 curn
1018 2070 1189 2129 Fennorum

103 2173 254 2233 Kalevala
285 2182 336 2233 aut
367 2163 558 2250 quacumque
590 2172 648 2232 alia
679 2173 763 2249 poesi
795 2174 944 2250 populari,
976 2176 1059 2251 quod
1092 2175 1190 2236 omnis

103 2280 225 2359 generis
255 2280 459 2340 iterationibus
489 2279 623 2357 gaudent
654 2281 691 2338 cf.
724 2281 842 2340 Bekker
871 2283 912 2340 H.
940 2283 984 2340 Bl.
1012 2281 1097 2359 ng.
1122 2285 1188 2359 185·

100 2391 213 2449 Suetae
245 2388 419 2448 occasiones
452 2387 725 2464 occupationesque
761 2387 850 2462 vitae,
884 2389 955 2449 solis
986 2399 1067 2449 ortus
1098 2407 1187 2448 occa·

100 2511 224 2572 susque,
256 2513 331 2554 cena
362 2492 537 2554 sacrificium
568 2493 684 2568 libatio,
713 2493 848 2554 cubitum
869 2494 911 2554 ire
935 2494 1038 2555 cubitu
1061 2512 1189 2572 surgere,

99 2601 258 2679 navigatio
288 2611 446 2678 tempestas
468 2611 567 2660 cetera
589 2600 726 2678 quotiens
749 2612 902 2661 recurrunt
922 2601 1032 2661 eisdem
1055 2601 1189 2661 versibus

99 2708 260 2786 dicuntum
292 2707 546 2784 quemadmodum
578 2707 753 2767 mandatum
785 2707 892 2768 iisdem
922 2707 1019 2768 verbis
1043 2709 1187 2785 perfertur

98 2813 213 2889 quibus
242 2824 330 2873 antea
361 2815 463 2875 datum
496 2825 547 2887 est,
583 2825 612 2874 et
643 2815 804 2893 colloquia,
826 2815 1023 2894 quaestiones,
1044 2835 1186 2893 responsa

98 2919 192 2980 certis
224 2921 356 2980 formulis
382 2921 608 2981 introducuntur
629 2935 659 2980 et
680 2923 884 2982 absolvuntur.
916 2915 965 2982 'Et
985 2922 1100 2998 reliqua
1122 2943 1187 2984 ora·

98 3028 193 3088 tionis
223 3029 339 3089 indoles
371 3040 400 3089 et
429 3031 504 3089 haec
536 3028 700 3106 proprietas
726 3063 760 3073 -
785 3037 816 3088 ut
850 3027 963 3106 optime
995 3029 1097 3088 docuit
1117 3031 1184 3106 Joh.

142 3253 163 3308 r)
191 3249 210 3296 δ
240 3259 286 3311 791
307 3266 362 3316 sqq.
389 3249 531 3313 Penelopes
548 3249 580 3296 de
600 3247 653 3296 filio
672 3247 799 3296 sollicitae
820 3247 990 3311 cogitationes
1008 3254 1185 3312 comparantur

96 3345 159 3380 curn
175 3329 260 3378 leonis
278 3331 410 3380 affectibus
428 3329 541 3394 undique
559 3346 574 3377 a
591 3328 758 3378 venatoribus
777 3329 952 3380 circumventi.

138 3413 158 3460 θ
187 3421 236 3473 523
263 3427 318 3477 sqq.
346 3411 432 3460 Ulixes
458 3409 599 3460 Demodoci
626 3417 702 3458 cantu
721 3419 805 3458 motus
824 3408 943 3458 lacrimas
963 3409 1068 3458 sundere
1087 3410 1185 3469 dieitur,

97 3499 128 3541 ut
148 3491 249 3555 captiva
267 3492 357 3540 mulier
375 3492 492 3541 maritum
510 3491 536 3540 in
554 3490 705 3540 defensione
723 3491 794 3540 urbis
815 3506 875 3539 suae
893 3492 1026 3540 cadentem
1044 3492 1127 3543 deflet.

137 3588 159 3621 rt
177 3584 226 3635 217
244 3589 300 3639 sqq.
335 3573 423 3622 Ulixes
454 3581 526 3637 pater
553 3572 615 3636 filio,
642 3570 708 3620 filius
729 3579 802 3635 patre
822 3571 920 3636 agnito,
941 3571 1060 3622 lacrimas
1078 3573 1187 3624 fundunt

97 3663 230 3718 tamqnam
249 3653 350 3718 aquilae
367 3669 423 3704 cum
439 3653 526 3716 pullos
545 3651 594 3700 sibi
614 3651 678 3715 eripi
698 3651 795 3702 vident.

137 3753 153 3783 τ
172 3733 220 3796 518
239 3750 294 3799 sqq.
330 3733 511 3782 Dubitationes
530 3733 557 3781 in
576 3740 659 3781 mente
677 3733 821 3796 Penelopes
839 3742 1018 3798 comparantur
1037 3751 1094 3784 cum
1110 3743 1185 3786 cautu

98 3815 218 3864 Aetionis
236 3814 379 3876 (lusciniae)
399 3816 431 3863 de
448 3814 501 3862 filio
520 3821 610 3863 necato
629 3813 801 3862 lamentantis.

136 3913 151 3944 n
173 3907 202 3944 12
221 3911 276 3961 sqq.
296 3895 384 3945 Ulixes
404 3895 507 3943 ancillis
525 3895 577 3944 suis
595 3894 673 3943 iratus
692 3903 855 3958 comparatur
873 3912 930 3946 cum
948 3913 1012 3948 cane
1030 3899 1073 3964 qui
1089 3899 1184 3948 latrans

99 3992 163 4025 suos
183 3977 280 4025 catulos
298 3975 421 4026 defendit.

138 4056 200 4104 ibid.
219 4067 260 4120 25.
295 4057 425 4119 Eiusdem,
452 4072 509 4106 curn
539 4061 655 4113 „noctem
682 4054 776 4118 patitur
804 4057 917 4122 lugentis
944 4059 1052 4108 amicum
1080 4061 1184 4110 Pelidae

100 4138 179 4186 cubat
205 4137 231 4187 in
250 4137 348 4196 laciern,
378 4153 437 4187 mox
463 4135 557 4185 deiude
584 4135 710 4200 supinus’'
736 4137 850 4204 (juvem),
870 4149 953 4196 motus
970 4142 1063 4197 turbati
1081 4158 1183 4214 compa·

102 4229 191 4268 rantur
207 4235 263 4269 curn
282 4219 414 4272 sarcimine
432 4219 501 4285 quod
519 4227 623 4270 assatur.
