2928 4886
760 405 795 443 22

244 563 330 623 aliter
359 574 456 623 narrat
486 563 588 624 Ulixes
619 563 752 624 Antinoo
774 575 863 640 atque
885 567 1028 642 Eumaeo,
1060 582 1239 641 quamquam
1260 566 1325 624 hoc

240 681 396 746 praesente
419 669 446 749 (ρ
472 692 528 744 442
548 674 630 744 cett.)
638 692 646 745 ;
670 674 817 730 Eumaeus
840 670 868 750 (ρ
893 689 949 748 522
974 674 1054 745 cett.)
1078 671 1116 730 de
1137 670 1225 730 Ulixe
1239 669 1327 730 aliter

241 775 356 836 indicat
370 779 541 854 Penelopae
557 790 645 853 atque
663 795 701 837 ex
717 777 782 854 ipso
796 777 836 854 (in
850 777 927 838 libro
940 781 966 853 δ)
982 777 1082 837 audiit.
1106 779 1213 837 Coram
1226 780 1327 836 Pene-

240 886 310 960 lope
332 883 489 959 praeterita
507 903 674 944 memorans
700 884 806 945 Ulixes
828 883 938 944 omittit
950 886 1080 963 Calypso
1103 887 1131 960 (τ
1153 887 1232 958 278),
1253 901 1325 942 cum

241 989 388 1049 continuo
411 1010 429 1049 a
449 989 609 1049 Thrinacia
631 990 782 1050 Scheriam
806 990 922 1051 venisse
944 1010 976 1050 se
1000 990 1097 1067 dicat3
1125 989 1196 1048 item
1217 1001 1326 1066 postea

242 1097 274 1176 (ο
301 1118 360 1174 324
383 1103 462 1174 cett.)
483 1098 515 1158 in
537 1099 697 1159 summario
720 1098 854 1159 omnium
877 1116 1008 1158 errorum
1023 1099 1169 1176 quaedam
1184 1096 1223 1157 de
1238 1098 1325 1157 Orco

243 1204 429 1264 omittuntur.
452 1206 539 1280 Quae
565 1204 704 1282 Euryclia
728 1208 756 1282 (v
781 1208 837 1282 136
859 1208 940 1280 cett.)
964 1204 1002 1264 de
1023 1203 1212 1281 praecedenti
1233 1214 1326 1264 nocte

243 1311 342 1388 refert,
361 1322 495 1390 pugnant
519 1333 587 1371 cum
610 1312 776 1372 narratione
796 1311 864 1372 libri
887 1331 921 1391 η
943 1311 1049 1372 eadem
1073 1315 1104 1386 (ψ
1127 1314 1164 1369 26
1182 1315 1263 1387 cett.)
1285 1310 1326 1370 de

243 1417 331 1477 Ulixe
362 1419 472 1477 reduce
501 1419 544 1478 sic
564 1421 697 1498 loquitur
717 1420 801 1496 quasi
822 1422 935 1479 nullum
960 1428 1110 1479 certamen
1131 1416 1326 1496 praecesserit

174 1529 176 1538 ’
243 1542 342 1601 neque
373 1535 462 1585 antea
494 1546 511 1585 a
543 1547 573 1587 se
605 1527 720 1604 agnitus
751 1527 797 1590 sit.
839 1530 992 1587 Postremo
1024 1526 1055 1586 in
1089 1528 1179 1586 altera
1207 1530 1323 1610 ψεκυίᾳ

243 1631 504 1709 Amphimedontis
527 1634 656 1694 narratio
671 1654 733 1693 non
749 1635 898 1711 conspirat
913 1653 982 1694 cum
998 1634 1175 1712 praegressis
1183 1656 1191 1708 ;
1212 1633 1324 1711 quippe

243 1759 320 1815 quae
341 1741 402 1800 duo
423 1740 596 1817 gravissima
618 1751 769 1801 momenta
791 1740 918 1802 actionis
940 1742 1043 1801 addita
1065 1743 1175 1802 habeat
1199 1745 1236 1816 ι).

283 1849 322 1906 ΙΙ.
365 1846 483 1906 Deinde
509 1848 548 1907 ad
571 1850 737 1927 elegantem
760 1849 1012 1925 compositionem
1037 1868 1100 1910 non
1121 1849 1236 1908 iaciunt
1256 1868 1322 1909 mo·

243 1963 344 2013 menta
375 1956 468 2012 multa
498 1953 661 2014 immodice
687 1954 820 2031 repetita.
866 1959 905 2016 Ut
925 1956 1044 2033 saepius
1066 1955 1323 2016 adnimadversum

244 2071 298 2135 est,
331 2063 414 2120 omni
445 2062 543 2121 noctis
575 2062 633 2122 diei
655 2064 727 2122 hora
749 2063 948 2123 obdormiscit
969 2064 1133 2140 Penelope,
1157 2063 1246 2123 nimis
1267 2065 1323 2123 fre·

244 2179 370 2246 quenter
393 2169 523 2229 vescitur
548 2169 649 2230 Ulixes
671 2168 826 2247 (imprimis
847 2169 879 2228 in
903 2193 919 2243 ρ
941 2174 977 2245 ο),
1001 2169 1156 2230 descendit
1172 2170 1323 2244 Penelope

243 2275 283 2334 ad
314 2295 422 2352 procos
449 2280 488 2351 a).
530 2279 592 2336 Ter
612 2275 745 2335 staminis
769 2276 858 2336 dolus
879 2287 1023 2352 narratur,
1044 2288 1088 2336 ter
1108 2276 1193 2353 origo
1215 2294 1323 2353 proco·

243 2401 308 2440 rum
340 2380 388 2461 3)3
417 2393 459 2442 ter
482 2382 586 2443 Ulixes
607 2382 734 2442 violatur
755 2402 773 2441 a
796 2382 906 2459 procis.
948 2383 1045 2442 Nimis
1068 2402 1155 2459 saepe
1179 2381 1241 2441 eius
1261 2383 1325 2458 pul·

244 2486 363 2548 critudo
397 2498 520 2566 augetur
549 2509 565 2548 a
597 2488 747 2552 Minerva:
772 2491 893 2566 quode
919 2511 976 2568 229
998 2501 1065 2567 post
1086 2491 1227 2549 balneum
1248 2490 1326 2549 bene

244 2613 275 2654 se
295 2595 395 2667 habet,
418 2595 481 2655 sine
506 2616 596 2656 causa
619 2596 761 2673 repetitur
782 2602 805 2649 θ
823 2618 858 2676 19
880 2598 1132 2658 antecontionem
1143 2597 1326 2655 Phaeacum.

247 2701 331 2760 Idem
364 2701 477 2761 accidit
507 2703 538 2761 in
570 2705 753 2765 Telemacho
775 2708 817 2780 4).
860 2705 911 2764 Bis
943 2705 1024 2782 apud
1052 2706 1201 2764 Phaeaces
1225 2701 1329 2764 Ulixes

244 2806 382 2867 lacrimas
402 2808 516 2881 fundit;
541 2820 570 2868 et
590 2810 629 2869 ab
650 2814 876 2889 Agamemnone
902 2812 931 2891 (t
950 2827 1007 2890 455
1032 2813 1087 2886 sq.)
1111 2819 1140 2870 et
1155 2829 1172 2868 a
1188 2808 1328 2868 Minerva

244 2913 272 2996 (ν
292 2916 352 2992 308
374 2915 430 2996 sq.)
453 2916 645 2992 admonetur,
668 2928 701 2977 ut
722 2937 825 2978 omnes
847 2918 885 2978 de
907 2918 1006 2978 reditu
1028 2937 1081 2978 suo
1104 2918 1195 2990 celet;
1217 2915 1327 2975 eadem

245 3042 262 3080 a
287 3021 400 3081 Tiresia
423 3023 528 3096 eadem
552 3043 569 3081 a
590 3023 677 3084 Circe
699 3025 736 3084 de
760 3024 857 3085 reditu
878 3042 932 3084 suo
956 3024 1043 3085 discit
1050 3045 1058 3098 ;
1092 3033 1122 3083 et
1143 3022 1274 3100 Neptuni
1295 3034 1328 3082 et

245 3129 322 3191 Solis
342 3130 384 3190 ira
405 3137 538 3210 urgetu13
560 3134 707 3210 quaedam
731 3151 857 3210 persona
879 3132 1025 3209 Calypsus
1046 3130 1216 3202 communia
1234 3131 1327 3190 habet

245 3256 315 3295 cum
337 3237 438 3296 Circes
458 3257 595 3314 persona.
630 3243 841 3318 Exemplorum
864 3259 1002 3300 numerus
1024 3238 1123 3316 augeri
1137 3247 1235 3313 potest
1242 3259 1250 3312 ;
1271 3237 1326 3296 sed

245 3344 305 3403 hoc
326 3344 449 3420 quidem
471 3347 541 3406 loco
562 3349 637 3406 haee
657 3347 816 3408 sufficiant.

284 3452 369 3514 111.1.
411 3452 514 3512 Tertio
538 3455 786 3531 compositionem
805 3455 1010 3532 imperfectam
1027 3452 1159 3513 reddunt
1173 3463 1326 3512 momenta

249 3576 442 3586 ———-..

283 3635 309 3702 1)
327 3657 345 3688 ω
367 3649 413 3699 147
434 3623 501 3689 εἷθ’
525 3641 542 3704 ἢ
561 3643 644 3706 φᾶρος
663 3639 771 3698 ’ἔδειξεν
788 3678 794 3691 .
809 3679 814 3692 .
829 3678 857 3692 ..
878 3655 925 3705 149
945 3647 992 3692 nal
1011 3641 1078 3692 τότε
1099 3642 1135 3710 δή
1154 3639 1178 3710 ρ’
1201 3642 1324 3708 Ὀδυσῆα

246 3719 327 3776 κακός
347 3723 440 3770 ποθεν
459 3721 549 3787 ἤγαγε
571 3723 676 3784 δαίμων
690 3732 741 3772 etur
756 3723 801 3784 167
813 3722 901 3791 αὐτὰρ
915 3724 970 3792 δῆν
981 3725 1080 3794 ἄλοχον
1092 3725 1325 3792 πολυκερδείῃσιν

246 3801 350 3865 ἄνωγεν
370 3803 450 3860 τόξον
468 3809 651 3871 μνηστήρεσσι
671 3806 759 3866 θέμεν
778 3815 825 3856 etc.

280 3885 304 3945 2)
323 3883 354 3933 cf.
374 3904 387 3933 ο
409 3887 516 3950 516...
539 3889 571 3937 od
591 3886 640 3950 μὲν
659 3889 710 3953 γάρ
730 3907 756 3937 τι
777 3889 859 3949 θαμὰ
876 3888 1024 3959 μνηστῆρο’
1047 3893 1087 3941 ἐνὶ
1101 3889 1166 3956 οἴνῳ
1185 3895 1323 3951 φαίνεται,

245 3961 302 4012 ἀλλ’
331 3965 384 4016 ἀπὸ
404 3969 458 4018 τῶν
479 3969 601 4038 ὑπερωίῳ
619 3972 696 4022 ἱστὸν
717 3969 837 4032 ὑφαίνει.

279 4053 303 4113 3)
334 4070 351 4100 a
380 4064 428 4117 205
459 4060 517 4102 cett.
544 4075 576 4096 ι-
602 4070 624 4104 rr
656 4063 835 4105 121cett.=
855 4073 872 4103 τ
895 4067 943 4117 130
963 4063 1020 4106 cett.
1041 4055 1113 4105 ὅσσοι
1132 4057 1184 4122 γὰρ
1203 4056 1323 4120 νήσοισιν

246 4133 458 4199 ἐπικρατέουσιν
479 4131 583 4198 ἄριστοι
603 4144 661 4186 cett.

281 4213 307 4275 4)
324 4221 346 4278 β
368 4227 397 4263 12
417 4231 454 4278 sq.
473 4234 488 4282 ρ
509 4215 540 4278 63
561 4232 599 4283 sq.
