2928 4886
636 429 674 486 39

111 592 146 664 (p
170 590 238 664 138)
260 588 289 646 in
314 609 331 640 α
351 587 519 658 deficiente,
542 588 725 649 desideratur
746 589 776 648 id
793 582 847 648 'cui
871 601 1038 666 opponatur
1058 592 1089 650 in
1109 613 1142 650 a:
1168 603 1195 660 εἰ

113 695 221 781 dupin
238 699 341 763 δοκέει
358 700 430 764 τόδε
448 698 599 784 λωΐτερον
614 705 670 764 καὶ
683 706 818 783 ἄμεινον
831 699 900 763 κτλ.
914 700 943 773 (α
959 701 1018 774 376
1030 703 1102 760 :ss
1116 703 1197 778 141),

110 804 212 882 logica
232 815 330 863 autem
351 805 433 882 quod
456 805 589 881 ineptum
608 817 652 864 est
665 807 878 865 Telemachum
894 804 952 864 iam
969 823 1049 863 nunc
1064 809 1195 882 proferre

111 931 146 969 ea
168 926 244 988 quae
265 923 369 987 postea
392 913 558 987 prolaturus
581 911 626 972 sit.
649 913 763 972 Ambos
778 914 863 972 locos
878 912 909 970 in
925 937 942 966 α
960 911 1012 989 qui
1027 913 1197 990 composuit

110 1019 180 1078 libri
207 1030 228 1086 β
263 1017 393 1077 versibus
425 1037 495 1076 usus
516 1029 569 1092 est,
602 1038 663 1078 non
684 1018 836 1079 intellecto
859 1039 937 1079 nexu
959 1039 1056 1078 rerum
1078 1022 1195 1094 qualem

110 1127 154 1186 ibi
176 1128 220 1186 illi
241 1144 340 1186 versus
363 1120 505 1202 efficiunt,
526 1143 622 1201 neque
644 1124 733 1202 igitur
754 1125 854 1185 eidem
877 1146 931 1185 nec
953 1125 1060 1185 similia
1072 1128 1151 1186 inter
1165 1147 1195 1186 se

110 1233 232 1312 ingenia
247 1234 326 1291 hunc
341 1243 369 1291 et
383 1231 467 1290 illurn
482 1244 728 1306 composuerunt,
753 1234 805 1292 sed
822 1233 847 1293 is
866 1234 916 1308 qui
930 1245 952 1302 β
972 1234 1043 1293 fecit
1058 1233 1196 1294 inventor

109 1342 129 1401 i.
145 1361 171 1401 e.
194 1352 284 1417 poeta
299 1340 442 1399 dicendus
456 1351 508 1411 est,
523 1339 574 1415 qui
588 1339 845 1417 praeparationem
861 1341 893 1398 in
910 1366 927 1396 α
947 1341 1015 1399 lecit
1029 1341 1194 1401 alienorum

110 1447 279 1507 carminum
302 1445 476 1523 dispositor3
501 1466 591 1523 quern
614 1448 756 1506 Germani
781 1446 992 1520 „Bearbeiter”
1015 1467 1069 1506 nos
1091 1447 1195 1508 Latine

108 1555 233 1632 aptioris
243 1554 411 1630 ignorantia
421 1553 636 1613 diasceuastam
649 1573 794 1614 vocamus
802 1576 809 1628 3
827 1564 941 1613 mutato
952 1553 1074 1630 quidem
1087 1553 1194 1629 aliqua·

108 1682 197 1730 tenus
212 1680 300 1720 sensu
315 1660 366 1736 qui
381 1661 461 1736 apud
473 1659 612 1738 antiquos
623 1660 832 1736 grammaticos
844 1660 887 1719 illi
897 1661 1048 1719 vocabulo
1059 1660 1195 1737 proprius

108 1781 155 1828 est
168 1771 270 1842 (Lehrs
282 1768 328 1826 ed.
343 1787 358 1825 a
372 1786 421 1844 pg.
437 1772 518 1844 334).
539 1770 601 1825 Iarn
614 1785 681 1826 cum
693 1769 752 1827 hoc
764 1767 845 1841 loco,
861 1774 978 1828 ceterae
989 1766 1056 1826 libri
1068 1790 1085 1820 α
1097 1780 1195 1845 partes
1276 1804 1278 1807 -

108 1880 261 1951 (excepto,
276 1885 309 1932 ut
321 1873 485 1933 Kirchhoff
496 1872 644 1950 opinatur,
667 1873 751 1933 initio
766 1881 783 1928 a
807 1875 917 1950 1-88)
932 1874 1075 1935 artissime
1090 1878 1194 1936 cohae-

106 1992 192 2058 rent3
225 1980 295 2058 quia
324 1998 385 2039 non
418 1980 477 2039 alia
510 1981 547 2040 de
581 1999 670 2038 causa
692 1999 784 2058 quam
806 1991 838 2039 ut
859 1982 918 2040 hoe
938 1983 1124 2042 Telemacho
1145 1982 1195 2042 det

108 2088 269 2148 consilium
299 2087 436 2149 Minerva
462 2117 479 2147 a
504 2089 542 2146 88
565 2107 596 2146 se
617 2088 751 2146 Ithacam
773 2086 919 2146 adituram
943 2087 1017 2146 dicit
1025 2109 1034 2162 ;
1066 2087 1194 2164 itemque

108 2197 285 2256 Telemachi
316 2195 413 2256 verbis
444 2195 475 2253 in
510 2198 603 2253 allero
635 2195 706 2253 loco
740 2193 892 2269 sequentia
925 2213 1083 2271 procorum
1104 2197 1195 2255 verba

109 2303 301 2378 respondent.
323 2305 361 2360 Et
382 2301 452 2361 vitia
477 2320 554 2379 quae
574 2299 818 2362 ambobus'locis
839 2301 1021 2375 notavimus,
1042 2314 1194 2362 momenta

106 2409 235 2469 aliunde
265 2409 357 2486 petita
390 2429 448 2468 nec
481 2408 561 2466 bene
585 2419 749 2484 perspecta,
784 2409 928 2467 formulae
951 2428 1028 2485 quae
1057 2409 1195 2474 dicuntur

106 2516 215 2593 epicae
233 2516 321 2574 nimis
332 2517 505 2593 frequenter
516 2515 679 2588 adhibitae,
701 2513 732 2572 in
744 2513 826 2573 omni
836 2513 956 2591 reliquo
973 2515 1051 2575 libro
1066 2515 1136 2575 inde
1154 2516 1193 2575 ab

106 2655 127 2683 α
161 2623 200 2680 88
221 2633 391 2700 recurrunt3
413 2641 504 2698 quare
526 2623 604 2679 hanc
627 2639 748 2679 omnem
772 2630 887 2696 partem
910 2621 1074 2680 Kirchhoff
1091 2621 1195 2682 tribuit

106 2728 324 2805 diasceuastae,
332 2729 418 2787 cuius
429 2727 572 2787 rationem
585 2728 644 2786 hoc
655 2725 733 2786 libro
746 2737 933 2804 perspectam
944 2726 1009 2787 aliis
1019 2728 1051 2786 in
1063 2727 1195 2804 partibus

105 2835 144 2915 (δ
159 2838 218 2909 fin„
236 2860 289 2915 qo
305 2835 361 2910 in.)
378 2834 616 2912 deprehendens,
628 2835 681 2893 has
694 2852 797 2893 omnes
808 2844 908 2910 partes
920 2833 1017 2892 eidem
1030 2834 1195 2910 adscripsit.

153 2945 240 3000 Haec
273 2941 438 3000 differentia
469 2939 628 3000 constituta
659 2939 737 2999 inter
764 2959 857 2999 unum
885 2942 1019 3019 pluresve
1040 2951 1144 3017 poetas
1166 2954 1195 3002 et

104 3049 327 3109 diasceuastam
349 3048 439 3108 totius
460 3048 623 3125 Odysseae,
646 3048 728 3124 quod
750 3047 814 3123 ipse
835 3047 999 3106 Kirchhoff
1018 3047 1196 3106 fundamen-

105 3169 175 3215 tum
197 3167 357 3215 ceterarum
380 3172 498 3214 suarum
520 3153 781 3231 investigationum
802 3153 889 3212 luisse
912 3153 992 3226 dicit,
1014 3156 1138 3230 probata
1152 3166 1195 3214 est

105 3283 126 3320 a
145 3261 315 3321 Ribbeckio
327 3261 549 3340 (Jahn'slahrb.
563 3280 599 3338 79
613 3281 660 3340 pg.
679 3279 733 3338 157
748 3265 842 3339 seqq.)
854 3273 884 3320 et
895 3262 1031 3322 Hartelio
1043 3261 1193 3342 (Zeitschr

105 3372 127 3428 f.
167 3370 264 3428 Oestr.
300 3369 409 3445 Gymn.
439 3372 508 3448 XV,
532 3368 631 3442 XVI);
663 3389 681 3426 a
704 3367 906 3445 compluribus
930 3389 1000 3429 vero
1022 3369 1195 3446 impugnata

105 3485 167 3549 est,
189 3474 239 3549 qui
260 3487 311 3533 aut
331 3494 408 3549 quae
428 3475 477 3534 ille
500 3465 727 3552 reprehenderat
747 3475 778 3532 in
799 3474 875 3534 libro
891 3499 909 3529 α
929 3476 1089 3535 defendere
1105 3496 1194 3535 cona-

105 3591 221 3656 rentur,
253 3594 304 3641 aut
335 3584 374 3642 ad
408 3582 526 3642 solitum
556 3581 730 3656 remedium,
762 3581 993 3658 interpolatores
1015 3583 1194 3660 culpandos,

107 3687 316 3767 confugerent.
361 3693 430 3749 Hac
452 3689 499 3748 via
517 3688 686 3766 longissime
704 3687 847 3764 processit
861 3691 905 3747 H.
920 3691 1075 3747 Duentzer
1089 3687 1194 3768 (Hom.

105 3797 192 3858 Abh.
224 3817 273 3874 pg.
302 3817 377 3873 429:
400 3796 469 3870 „die
492 3796 701 3874 Composition
724 3796 775 3854 des
803 3795 864 3853 1stell
884 3797 999 3854 Buches
1023 3796 1076 3853 der
1098 3795 1194 3870 Od.”3

106 3906 149 3963 cf.
186 3903 291 3964 etiarn:
323 3903 511 3981 „Kirchhoffi
542 3905 662 3979 Kochly
692 3902 755 3960 und
776 3902 825 3961 die
848 3900 999 3979 Odyssee”
1020 3922 1069 3978 pg.
1093 3906 1121 3977 7)
1143 3903 1195 3978 qui

106 4031 146 4070 ex
169 4009 245 4069 libro
268 4035 285 4064 a
308 4013 373 4087 plus
388 4010 514 4070 dimidio
530 4010 716 4070 reiciendum
732 4019 815 4086 putat
824 4035 831 4078 ;
846 4009 877 4068 in
892 4011 961 4069 loco
976 4029 994 4068 a
1008 4009 1195 4068 Kirchhoffio

119 4128 236 4176 ractato
259 4137 314 4175 vss
339 4135 498 4196 279-292
521 4119 584 4202 (σοὶ
611 4118 732 4204 δἀὐτῷ
754 4135 848 4194 usque
871 4118 909 4177 ad
924 4119 1014 4176 verba
1033 4120 1088 4183 καὶ
1104 4119 1194 4201 alvan

112 4229 236 4314 μητέρα
251 4230 381 4314 δοῦναι)
395 4221 476 4288 solos
487 4229 627 4305 probans,
642 4236 756 4288 ceteros
766 4227 970 4304 interpolatori
980 4225 1096 4303 tribuit,
1107 4243 1194 4302 quem
